<record><header><identifier>oai:alma.41SLSP_UGE:991000002499705502</identifier><datestamp>2023-07-11T00:19:06Z</datestamp><setSpec>uge_bcen_RapidILL_BOOK</setSpec><setSpec>uge_aaca_RapidILL_BOOK</setSpec><setSpec>uge_abels_RapidILL_BOOK</setSpec><setSpec>uge_dbu_RapidILL_BOOK</setSpec><setSpec>uge_cmu_RapidILL_BOOK</setSpec><setSpec>uge_mail_RapidILL_BOOK</setSpec><setSpec>uge_abbat_RapidILL_BOOK</setSpec><setSpec>UNIGE_ALL</setSpec><setSpec>uge_acar_RapidILL_BOOK</setSpec><setSpec>uge_aobs_RapidILL_BOOK</setSpec></header><metadata>
<record xmlns="http://www.loc.gov/MARC21/slim" xmlns:xsi="http://www.w3.org/2001/XMLSchema-instance" xsi:schemaLocation="http://www.loc.gov/MARC21/slim http://www.loc.gov/standards/marcxml/schema/MARC21slim.xsd"><leader>04889nam a2200757 c 4500</leader><controlfield tag="001">991000002499705502</controlfield><controlfield tag="005">20230710134416.0</controlfield><controlfield tag="008">201011t20152015fr       |||| 00| | fre|d</controlfield><datafield ind1=" " ind2=" " tag="020"><subfield code="a">2915830991</subfield><subfield code="q">br</subfield></datafield><datafield ind1=" " ind2=" " tag="020"><subfield code="a">9782915830996</subfield><subfield code="q">br</subfield></datafield><datafield ind1=" " ind2=" " tag="035"><subfield code="a">(swissbib)228455367-41slsp_network</subfield></datafield><datafield ind1=" " ind2=" " tag="035"><subfield code="a">228455367</subfield><subfield code="9">ExL</subfield></datafield><datafield ind1=" " ind2=" " tag="035"><subfield code="a">(IDSBB)006748195DSV01</subfield></datafield><datafield ind1=" " ind2=" " tag="035"><subfield code="a">(NEBIS)010559661EBI01</subfield></datafield><datafield ind1=" " ind2=" " tag="035"><subfield code="a">(RERO)R008278090-41slsp</subfield></datafield><datafield ind1=" " ind2=" " tag="035"><subfield code="a">(OCoLC)927167241</subfield></datafield><datafield ind1=" " ind2=" " tag="035"><subfield code="a">(EXLNZ-41SLSP_NETWORK)991066608959705501</subfield></datafield><datafield ind1=" " ind2=" " tag="040"><subfield code="a">ZWZ</subfield><subfield code="b">ger</subfield><subfield code="e">rda</subfield><subfield code="d">CH-ZuSLS</subfield></datafield><datafield ind1=" " ind2="7" tag="072"><subfield code="a">bt</subfield><subfield code="2">rero</subfield></datafield><datafield ind1="0" ind2="4" tag="082"><subfield code="a">070.579 7</subfield><subfield code="2">22</subfield></datafield><datafield ind1="1" ind2="4" tag="082"><subfield code="a">020</subfield><subfield code="2">15</subfield></datafield><datafield ind1="1" ind2="4" tag="082"><subfield code="a">070</subfield><subfield code="2">15</subfield></datafield><datafield ind1=" " ind2=" " tag="084"><subfield code="a">ID 1270</subfield><subfield code="2">rvk</subfield></datafield><datafield ind1=" " ind2=" " tag="084"><subfield code="a">IH 92300</subfield><subfield code="2">rvk</subfield></datafield><datafield ind1=" " ind2=" " tag="084"><subfield code="a">000</subfield><subfield code="2">sdnb</subfield></datafield><datafield ind1="0" ind2="0" tag="245"><subfield code="a">&lt;&lt;L'&gt;&gt;assassinat des livres</subfield><subfield code="b">par ceux qui oeuvrent à la dématérialisation du monde</subfield><subfield code="c">coordonné par Cédric Biagini</subfield></datafield><datafield ind1=" " ind2="1" tag="264"><subfield code="a">Paris</subfield><subfield code="b">L'Échappée</subfield><subfield code="c">[2015]</subfield></datafield><datafield ind1=" " ind2="4" tag="264"><subfield code="c">© 2015</subfield></datafield><datafield ind1=" " ind2=" " tag="300"><subfield code="a">397 p.</subfield><subfield code="b">couv. ill. en coul.</subfield></datafield><datafield ind1=" " ind2=" " tag="336"><subfield code="b">txt</subfield><subfield code="2">rdacontent</subfield></datafield><datafield ind1=" " ind2=" " tag="337"><subfield code="b">n</subfield><subfield code="2">rdamedia</subfield></datafield><datafield ind1=" " ind2=" " tag="338"><subfield code="b">nc</subfield><subfield code="2">rdacarrier</subfield></datafield><datafield ind1="0" ind2=" " tag="490"><subfield code="a">Frankenstein</subfield><subfield code="v">4</subfield></datafield><datafield ind1=" " ind2=" " tag="504"><subfield code="a">Bibliogr. en fin de contributions</subfield></datafield><datafield ind1="8" ind2=" " tag="520"><subfield code="a">Cerné de toute part, le livre est sommé de rentrer dans l'ordre numérique. Laboratoires du futur plus innovants que jamais, multinationales du Web, géants de l'électronique, pouvoirs publics et techno-enthousiastes oeuvrent de concert pour faire disparaître ce petit &quot;cube de papier&quot; qui fait figure de fossile à l'heure où la culture numérique s'impose partout. Bien que sa liquidation ne se fasse pas aussi vite que prévu - le marché de l'e-book peinant à s'imposer en France -, les acteurs de la chaine du livre sont de plus en plus fragilisés, même si certains croient pouvoir transférer leur métier dans un monde qui n'a pourtant pas besoin d'eux. Et ce, alors que les modes de lecture induits par le livre, au fondement de nos façons de penser et de nos manières d'être au monde, sont aujourd'hui en crise. Le livre, dans sa linéarité et sa finitude, dans sa matérialité et sa présence, constitue un espace silencieux qui met en échec le culte de la vitesse, permet de maintenir une cohérence au milieu du chaos. Point d'ancrage, objet d'inscription pour une pensée critique et articulée, hors des réseaux et des flux incessants d'informations et de sollicitations, il est peut-être l'un des derniers lieux de résistance. C'est ce que nous rappellent les libraires, bibliothécaires, éditeurs, auteurs, traducteurs et lecteurs, venus d'horizons divers, qui s'expriment dans cet ouvrage. Un peuple du livre, réfractaire aux illusions numériques, qui défend ce pour quoi il se bat au quotidien, à contre-courant des processus qui endommagent nos capacités de lecture, de contemplation, de réflexion, d'écoute et d'abandon esthétique, pourtant si nécessaires à la construction de soi et au bien-être collectif. (site web éditeur)</subfield><subfield code="5">RERO/njhep-/02.2018/3804</subfield></datafield><datafield ind1=" " ind2="7" tag="650"><subfield code="a">Bibliothek</subfield><subfield code="0">(DE-588)4006439-6</subfield><subfield code="2">gnd</subfield></datafield><datafield ind1=" " ind2="7" tag="650"><subfield code="a">Buchmarkt</subfield><subfield code="0">(DE-588)4121054-2</subfield><subfield code="2">gnd</subfield></datafield><datafield ind1=" " ind2="7" tag="650"><subfield code="a">Digitalisierung</subfield><subfield code="0">(DE-588)4123065-6</subfield><subfield code="2">gnd</subfield></datafield><datafield ind1=" " ind2="7" tag="650"><subfield code="a">Elektronisches Publizieren</subfield><subfield code="0">(DE-588)4014363-6</subfield><subfield code="2">gnd</subfield></datafield><datafield ind1=" " ind2="7" tag="650"><subfield code="a">Kulturkritik</subfield><subfield code="0">(DE-588)4033572-0</subfield><subfield code="2">gnd</subfield></datafield><datafield ind1=" " ind2="7" tag="650"><subfield code="a">Livres</subfield><subfield code="x">Industrie et commerce</subfield><subfield code="y">1990-</subfield><subfield code="2">ram</subfield></datafield><datafield ind1=" " ind2="7" tag="650"><subfield code="a">Édition électronique</subfield><subfield code="x">Aspect social</subfield><subfield code="2">ram</subfield></datafield><datafield ind1=" " ind2="7" tag="650"><subfield code="a">Livres numériques</subfield><subfield code="x">Aspect social</subfield><subfield code="2">ram</subfield></datafield><datafield ind1=" " ind2="7" tag="650"><subfield code="a">INDUSTRIE DU LIVRE, IMPRIMERIE, LIBRAIRIE ET BIBLIOLOGIE</subfield><subfield code="9">fre</subfield><subfield code="0">(ETHUDK)000032280</subfield><subfield code="2">ethudk</subfield></datafield><datafield ind1=" " ind2="7" tag="650"><subfield code="a">LIVRES (EN GÉNÉRAL)</subfield><subfield code="9">fre</subfield><subfield code="0">(ETHUDK)000050872</subfield><subfield code="2">ethudk</subfield></datafield><datafield ind1=" " ind2="7" tag="650"><subfield code="a">LIVRES ÉLECTRONIQUES (BIBLIOTHÉCONOMIE)</subfield><subfield code="9">fre</subfield><subfield code="0">(ETHUDK)000063307</subfield><subfield code="2">ethudk</subfield></datafield><datafield ind1=" " ind2="7" tag="650"><subfield code="a">SCIENCE DES MÉDIAS (SOCIOLOGIE)</subfield><subfield code="9">fre</subfield><subfield code="0">(ETHUDK)000061559</subfield><subfield code="2">ethudk</subfield></datafield><datafield ind1=" " ind2="7" tag="650"><subfield code="a">Édition électronique</subfield><subfield code="0">(IDREF)02794638X</subfield><subfield code="2">idref</subfield></datafield><datafield ind1=" " ind2="7" tag="650"><subfield code="a">Livres numériques</subfield><subfield code="0">(IDREF)034671390</subfield><subfield code="2">idref</subfield></datafield><datafield ind1=" " ind2="7" tag="650"><subfield code="a">Industrie</subfield><subfield code="0">(IDREF)027790215</subfield><subfield code="2">idref</subfield></datafield><datafield ind1=" " ind2="7" tag="650"><subfield code="a">Commerce</subfield><subfield code="0">(IDREF)02773563X</subfield><subfield code="2">idref</subfield></datafield><datafield ind1=" " ind2="7" tag="650"><subfield code="a">Livres</subfield><subfield code="0">(IDREF)027237117</subfield><subfield code="2">idref</subfield></datafield><datafield ind1=" " ind2="7" tag="650"><subfield code="a">Sociologie</subfield><subfield code="0">(IDREF)049647490</subfield><subfield code="2">idref</subfield></datafield><datafield ind1=" " ind2="7" tag="650"><subfield code="a">Librairies</subfield><subfield code="0">(IDREF)031168779</subfield><subfield code="2">idref</subfield></datafield><datafield ind1=" " ind2="7" tag="650"><subfield code="a">Bibliothèques</subfield><subfield code="0">(IDREF)027229424</subfield><subfield code="2">idref</subfield></datafield><datafield ind1=" " ind2="7" tag="650"><subfield code="a">Édition</subfield><subfield code="0">(IDREF)027387348</subfield><subfield code="2">idref</subfield></datafield><datafield ind1=" " ind2="7" tag="650"><subfield code="a">Internet</subfield><subfield code="0">(IDREF)032317468</subfield><subfield code="2">idref</subfield></datafield><datafield ind1=" " ind2="7" tag="650"><subfield code="a">1990-21e siècle (début)</subfield><subfield code="0">(RERO)A023355120</subfield><subfield code="2">rero</subfield></datafield><datafield ind1=" " ind2="7" tag="650"><subfield code="a">Dématérialisation (informatique)</subfield><subfield code="0">(IDREF)133565831</subfield><subfield code="2">idref</subfield></datafield><datafield ind1=" " ind2="7" tag="650"><subfield code="a">Publications électroniques</subfield><subfield code="0">(IDREF)034878084</subfield><subfield code="2">idref</subfield></datafield><datafield ind1=" " ind2="7" tag="650"><subfield code="a">Lecture</subfield><subfield code="0">(IDREF)027662594</subfield><subfield code="2">idref</subfield></datafield><datafield ind1=" " ind2="7" tag="655"><subfield code="a">Aufsatzsammlung</subfield><subfield code="2">gnd-content</subfield></datafield><datafield ind1=" " ind2="7" tag="655"><subfield code="a">[Études diverses]</subfield><subfield code="0">(RERO)A022249905</subfield><subfield code="2">rero</subfield></datafield><datafield ind1="1" ind2=" " tag="700"><subfield code="6">880-02</subfield><subfield code="a">Biagini, Cédric</subfield><subfield code="0">(DE-588)137881223</subfield><subfield code="4">com</subfield></datafield><datafield ind1="1" ind2=" " tag="880"><subfield code="6">700-02</subfield><subfield code="a">Biagini, Cédric</subfield><subfield code="d">19..-....</subfield><subfield code="0">(IDREF)116060425</subfield></datafield><datafield ind1=" " ind2="0" tag="830"><subfield code="a">Frankenstein</subfield><subfield code="v">4</subfield><subfield code="w">(NEBIS)010572080EBI01</subfield></datafield><datafield ind1=" " ind2=" " tag="900"><subfield code="a">Stoppsignal FRED</subfield></datafield></record>
</metadata></record>