<record><header><identifier>oai:alma.41SLSP_UGE:991000052169705502</identifier><datestamp>2023-03-01T01:08:52Z</datestamp><setSpec>uge_bcen_RapidILL_BOOK</setSpec><setSpec>uge_aaca_RapidILL_BOOK</setSpec><setSpec>uge_abels_RapidILL_BOOK</setSpec><setSpec>uge_dbu_RapidILL_BOOK</setSpec><setSpec>uge_cmu_RapidILL_BOOK</setSpec><setSpec>uge_mail_RapidILL_BOOK</setSpec><setSpec>UNIGE_ALL</setSpec><setSpec>uge_abbat_RapidILL_BOOK</setSpec><setSpec>uge_aobs_RapidILL_BOOK</setSpec><setSpec>uge_acar_RapidILL_BOOK</setSpec></header><metadata>
<record xmlns="http://www.loc.gov/MARC21/slim" xmlns:xsi="http://www.w3.org/2001/XMLSchema-instance" xsi:schemaLocation="http://www.loc.gov/MARC21/slim http://www.loc.gov/standards/marcxml/schema/MARC21slim.xsd"><leader>01043nam a2200301 c 4500</leader><controlfield tag="001">991000052169705502</controlfield><controlfield tag="005">20230201203219.0</controlfield><controlfield tag="008">010927s2001    au ||||| |||| 00| ||ger d</controlfield><datafield ind1=" " ind2=" " tag="020"><subfield code="a">3706910012</subfield></datafield><datafield ind1=" " ind2=" " tag="035"><subfield code="a">(swissbib)097182427-41slsp_network</subfield></datafield><datafield ind1=" " ind2=" " tag="035"><subfield code="a">097182427</subfield><subfield code="9">ExL</subfield></datafield><datafield ind1=" " ind2=" " tag="035"><subfield code="a">(RERO)R003095938-41slsp</subfield></datafield><datafield ind1=" " ind2=" " tag="035"><subfield code="a">(EXLNZ-41SLSP_NETWORK)991089734179705501</subfield></datafield><datafield ind1=" " ind2=" " tag="040"><subfield code="a">RERO geulal</subfield><subfield code="d">CH-ZuSLS</subfield></datafield><datafield ind1=" " ind2="7" tag="072"><subfield code="a">al</subfield><subfield code="2">rero</subfield></datafield><datafield ind1="1" ind2=" " tag="100"><subfield code="a">Bloomfield, Leonard</subfield><subfield code="0">(RERO)A003015122</subfield><subfield code="4">cre</subfield></datafield><datafield ind1="1" ind2="0" tag="245"><subfield code="a">&lt;&lt;Die&gt;&gt; Sprache</subfield><subfield code="c">Leonard Bloomfield ; übers., kommentiert und hrsg. von Peter Ernst und Hans Christian Luschützky ; unter Mitw. von Thomas Herok</subfield></datafield><datafield ind1=" " ind2=" " tag="250"><subfield code="a">Deutsche Erstausg.</subfield></datafield><datafield ind1=" " ind2="1" tag="264"><subfield code="a">Wien</subfield><subfield code="b">Ed. Praesens</subfield><subfield code="c">2001</subfield></datafield><datafield ind1=" " ind2=" " tag="300"><subfield code="a">2 vol.</subfield><subfield code="b">ill.</subfield><subfield code="c">25 cm</subfield></datafield><datafield ind1=" " ind2=" " tag="336"><subfield code="b">txt</subfield><subfield code="2">rdacontent</subfield></datafield><datafield ind1=" " ind2=" " tag="337"><subfield code="b">n</subfield><subfield code="2">rdamedia</subfield></datafield><datafield ind1=" " ind2=" " tag="338"><subfield code="b">nc</subfield><subfield code="2">rdacarrier</subfield></datafield><datafield ind1=" " ind2=" " tag="500"><subfield code="a">Trad. de: Language</subfield></datafield><datafield ind1=" " ind2=" " tag="500"><subfield code="a">Vol. de base + Registerband</subfield></datafield><datafield ind1=" " ind2="7" tag="650"><subfield code="a">Langage</subfield><subfield code="0">(IDREF)028625714</subfield><subfield code="2">idref</subfield></datafield><datafield ind1="1" ind2=" " tag="700"><subfield code="a">Ernst, Peter</subfield><subfield code="0">(RERO)A003221168</subfield></datafield><datafield ind1="1" ind2=" " tag="700"><subfield code="a">Herok, Thomas</subfield><subfield code="0">(IDREF)066844061</subfield></datafield><datafield ind1=" " ind2=" " tag="900"><subfield code="a">REROnoselfmerge</subfield></datafield></record>
</metadata></record>