<record><header><identifier>oai:alma.41SLSP_UGE:991000051329705502</identifier><datestamp>2023-04-11T00:12:24Z</datestamp><setSpec>uge_bcen_RapidILL_BOOK</setSpec><setSpec>uge_aaca_RapidILL_BOOK</setSpec><setSpec>uge_abels_RapidILL_BOOK</setSpec><setSpec>uge_dbu_RapidILL_BOOK</setSpec><setSpec>uge_cmu_RapidILL_BOOK</setSpec><setSpec>uge_mail_RapidILL_BOOK</setSpec><setSpec>uge_abbat_RapidILL_BOOK</setSpec><setSpec>UNIGE_ALL</setSpec><setSpec>uge_aobs_RapidILL_BOOK</setSpec><setSpec>uge_acar_RapidILL_BOOK</setSpec></header><metadata>
<record xmlns="http://www.loc.gov/MARC21/slim" xmlns:xsi="http://www.w3.org/2001/XMLSchema-instance" xsi:schemaLocation="http://www.loc.gov/MARC21/slim http://www.loc.gov/standards/marcxml/schema/MARC21slim.xsd"><leader>03426nam a2200469 c 4500</leader><controlfield tag="001">991000051329705502</controlfield><controlfield tag="005">20230410174940.0</controlfield><controlfield tag="008">130612s2010    it ||||| |||| 00| ||eng d</controlfield><datafield ind1=" " ind2=" " tag="020"><subfield code="a">8857208168</subfield><subfield code="q">Skira</subfield></datafield><datafield ind1=" " ind2=" " tag="020"><subfield code="a">8857209067</subfield><subfield code="q">Qatar Museums Authority</subfield></datafield><datafield ind1=" " ind2=" " tag="020"><subfield code="a">9788857208169</subfield><subfield code="q">Skira</subfield></datafield><datafield ind1=" " ind2=" " tag="020"><subfield code="a">9788857209067</subfield><subfield code="q">Qatar Museums Authority</subfield></datafield><datafield ind1="7" ind2=" " tag="024"><subfield code="a">http://catalogue.bnf.fr/ark:/12148/cb423552769</subfield><subfield code="2">uri</subfield></datafield><datafield ind1=" " ind2=" " tag="035"><subfield code="a">(swissbib)117495549-41slsp_network</subfield></datafield><datafield ind1=" " ind2=" " tag="035"><subfield code="a">117495549</subfield><subfield code="9">ExL</subfield></datafield><datafield ind1=" " ind2=" " tag="035"><subfield code="a">(RERO)R007318633-41slsp</subfield></datafield><datafield ind1=" " ind2=" " tag="035"><subfield code="a">(EXLNZ-41SLSP_NETWORK)991133059019705501</subfield></datafield><datafield ind1=" " ind2=" " tag="040"><subfield code="a">INT</subfield><subfield code="d">CH-ZuSLS</subfield></datafield><datafield ind1="0" ind2=" " tag="041"><subfield code="a">eng</subfield><subfield code="a">ara</subfield></datafield><datafield ind1=" " ind2="0" tag="050"><subfield code="a">N7265.3</subfield><subfield code="b">.A78 2010</subfield></datafield><datafield ind1=" " ind2="7" tag="072"><subfield code="a">ba</subfield><subfield code="2">rero</subfield></datafield><datafield ind1="1" ind2="4" tag="082"><subfield code="a">759</subfield><subfield code="2">21</subfield></datafield><datafield ind1="0" ind2="0" tag="245"><subfield code="a">Sajjil</subfield><subfield code="b">a century of modern art : [Doha, The Arab Museum of Modern Art, December 30, 2010 - October 1st, 2011]</subfield></datafield><datafield ind1="1" ind2=" " tag="246"><subfield code="a">سجل</subfield><subfield code="b">قرن من الفن الحديث</subfield></datafield><datafield ind1=" " ind2="1" tag="264"><subfield code="a">Milano</subfield><subfield code="b">Skira</subfield><subfield code="c">2010</subfield></datafield><datafield ind1=" " ind2=" " tag="300"><subfield code="a">313, [61] p.</subfield><subfield code="b">ill. en noir et en coul.</subfield><subfield code="c">25 × 25 cm.</subfield></datafield><datafield ind1=" " ind2=" " tag="336"><subfield code="b">txt</subfield><subfield code="2">rdacontent</subfield></datafield><datafield ind1=" " ind2=" " tag="337"><subfield code="b">n</subfield><subfield code="2">rdamedia</subfield></datafield><datafield ind1=" " ind2=" " tag="338"><subfield code="b">nc</subfield><subfield code="2">rdacarrier</subfield></datafield><datafield ind1=" " ind2=" " tag="500"><subfield code="a">&quot;Mathaf, Arab Museum of Modern Art = متحف، المتحف العربي للفن الحديث&quot;</subfield></datafield><datafield ind1=" " ind2=" " tag="500"><subfield code="a">Added t.p. in Arabic: سجل : قرن من الفن الحديث / [القيمون على المعرض ندى الشبوط، وسن الخضيري، دينا الجلبي ؛ الترجمة فيفيان حمزة]</subfield></datafield><datafield ind1="0" ind2=" " tag="505"><subfield code="a">Sajjil..A space to question / Nada Shabout, Wassan al-Khudhairi, Deena Chalabi -- From intuition to institution:Sheikh Hassan and the development of Mathaf / Wassan al-Khudhairi -- Articulating Mathaf: Arab + Museum + Modern + Art / Deena Chalabi -- Record, or Arab art again / Nada Shabout -- A history of Mathaf / Sophia al-Maria -- Nature -- City -- Individualism -- Form &amp; Abstraction -- Society -- Family -- History and Myth -- Struggle -- Huroufiyah -- Doha Gallery</subfield></datafield><datafield ind1="2" ind2="0" tag="610"><subfield code="a">Arab Museum of Modern Art (Dawḥah, Qatar)</subfield></datafield><datafield ind1=" " ind2="0" tag="650"><subfield code="a">Art, Arab</subfield><subfield code="y">20th century</subfield><subfield code="v">Exhibitions</subfield></datafield><datafield ind1=" " ind2="0" tag="650"><subfield code="a">Art, Modern</subfield><subfield code="y">20th century</subfield><subfield code="v">Exhibitions</subfield></datafield><datafield ind1=" " ind2="7" tag="650"><subfield code="a">Art arabe</subfield><subfield code="0">(IDREF)03092765X</subfield><subfield code="2">idref</subfield></datafield><datafield ind1=" " ind2="7" tag="650"><subfield code="a">20e siècle</subfield><subfield code="0">(IDREF)086305646</subfield><subfield code="2">idref</subfield></datafield><datafield ind1=" " ind2="7" tag="650"><subfield code="a">21e siècle (début)</subfield><subfield code="0">(RERO)A022437388</subfield><subfield code="2">rero</subfield></datafield><datafield ind1=" " ind2="7" tag="655"><subfield code="a">Catalogues d'exposition</subfield><subfield code="0">(IDREF)027320456</subfield><subfield code="2">idref</subfield></datafield><datafield ind1="2" ind2=" " tag="710"><subfield code="6">880-01</subfield><subfield code="a">Arab museum of modern art</subfield><subfield code="g">Doha</subfield><subfield code="0">(IDREF)069956731</subfield></datafield><datafield ind1="2" ind2=" " tag="880"><subfield code="6">710-01/(3/r</subfield><subfield code="a">متحف العربي للفنّ الحديث (دوحة)</subfield></datafield><datafield ind1=" " ind2=" " tag="900"><subfield code="a">REROnoselfmerge</subfield></datafield><datafield ind1=" " ind2=" " tag="910"><subfield code="a">OCoLC</subfield><subfield code="b">20130612</subfield><subfield code="c">Droits réservés</subfield></datafield><datafield ind1=" " ind2=" " tag="993"><subfield code="a">BFLA 247037</subfield><subfield code="x">ge/ulha/d/13/0725</subfield><subfield code="9">LOCAL</subfield></datafield></record>
</metadata></record>