<record><header><identifier>oai:alma.41SLSP_UGE:991000052059705502</identifier><datestamp>2024-06-08T00:10:33Z</datestamp><setSpec>uge_bcen_RapidILL_BOOK</setSpec><setSpec>uge_aaca_RapidILL_BOOK</setSpec><setSpec>uge_abels_RapidILL_BOOK</setSpec><setSpec>uge_dbu_RapidILL_BOOK</setSpec><setSpec>uge_cmu_RapidILL_BOOK</setSpec><setSpec>uge_mail_RapidILL_BOOK</setSpec><setSpec>uge_abbat_RapidILL_BOOK</setSpec><setSpec>UNIGE_ALL</setSpec><setSpec>uge_acar_RapidILL_BOOK</setSpec><setSpec>uge_aobs_RapidILL_BOOK</setSpec></header><metadata>
<record xmlns="http://www.loc.gov/MARC21/slim" xmlns:xsi="http://www.w3.org/2001/XMLSchema-instance" xsi:schemaLocation="http://www.loc.gov/MARC21/slim http://www.loc.gov/standards/marcxml/schema/MARC21slim.xsd"><leader>02177nam a2200469 c 4500</leader><controlfield tag="001">991000052059705502</controlfield><controlfield tag="005">20210207114844.0</controlfield><controlfield tag="008">201011t19931993xxu||||| |||| 00| ||eng d</controlfield><datafield ind1=" " ind2=" " tag="010"><subfield code="a">93031285</subfield></datafield><datafield ind1=" " ind2=" " tag="020"><subfield code="a">0821875078</subfield></datafield><datafield ind1=" " ind2=" " tag="035"><subfield code="a">(swissbib)216742536-41slsp_network</subfield></datafield><datafield ind1=" " ind2=" " tag="035"><subfield code="a">216742536</subfield><subfield code="9">ExL</subfield></datafield><datafield ind1=" " ind2=" " tag="035"><subfield code="a">(RERO)1838893-41slsp</subfield></datafield><datafield ind1=" " ind2=" " tag="035"><subfield code="a">(NEBIS)000947878EBI01</subfield></datafield><datafield ind1=" " ind2=" " tag="035"><subfield code="a">(EXLNZ-41SLSP_NETWORK)991033852329705501</subfield></datafield><datafield ind1=" " ind2=" " tag="040"><subfield code="a">RERO geussm</subfield><subfield code="d">CH-ZuSLS</subfield></datafield><datafield ind1="1" ind2=" " tag="041"><subfield code="a">eng</subfield><subfield code="h">rus</subfield></datafield><datafield ind1=" " ind2="7" tag="072"><subfield code="a">ma</subfield><subfield code="2">rero</subfield></datafield><datafield ind1="0" ind2="0" tag="245"><subfield code="a">Wave propagation</subfield><subfield code="b">scattering theory</subfield><subfield code="c">M.Sh. Birman, ed</subfield></datafield><datafield ind1="1" ind2=" " tag="246"><subfield code="a">Scattering theory</subfield></datafield><datafield ind1=" " ind2="1" tag="264"><subfield code="a">Providence R.I.</subfield><subfield code="b">American Mathematical Society</subfield><subfield code="c">[1993]</subfield></datafield><datafield ind1=" " ind2="4" tag="264"><subfield code="c">© 1993</subfield></datafield><datafield ind1=" " ind2=" " tag="300"><subfield code="a">X, 256 S.</subfield><subfield code="c">27 cm</subfield><subfield code="b">Ill.</subfield></datafield><datafield ind1=" " ind2=" " tag="336"><subfield code="b">txt</subfield><subfield code="2">rdacontent</subfield></datafield><datafield ind1=" " ind2=" " tag="337"><subfield code="b">n</subfield><subfield code="2">rdamedia</subfield></datafield><datafield ind1=" " ind2=" " tag="338"><subfield code="b">nc</subfield><subfield code="2">rdacarrier</subfield></datafield><datafield ind1="1" ind2=" " tag="490"><subfield code="a">American Mathematical Society translations. Series 2</subfield><subfield code="v">vol. 157</subfield></datafield><datafield ind1=" " ind2=" " tag="500"><subfield code="a">Traduit de: Rasprostranenie voln. Teorija passejanija</subfield></datafield><datafield ind1=" " ind2=" " tag="500"><subfield code="a">Originaltitel: &quot;Rasprostranenie voln. Teorija rassejanija. Leningrad, 1987&quot;</subfield></datafield><datafield ind1=" " ind2="7" tag="650"><subfield code="a">C-ALGEBREN + C(STERN)-ALGEBREN (FUNKTIONALANALYSIS)</subfield><subfield code="9">ger</subfield><subfield code="0">(ETHUDK)000013481</subfield><subfield code="2">ethudk</subfield></datafield><datafield ind1=" " ind2="7" tag="650"><subfield code="a">DARSTELLUNGEN VON RINGEN UND ALGEBREN (ALGEBRA)</subfield><subfield code="9">ger</subfield><subfield code="0">(ETHUDK)000012695</subfield><subfield code="2">ethudk</subfield></datafield><datafield ind1=" " ind2="7" tag="650"><subfield code="a">HELMHOLTZGLEICHUNG (ANALYSIS)</subfield><subfield code="9">ger</subfield><subfield code="0">(ETHUDK)000013374</subfield><subfield code="2">ethudk</subfield></datafield><datafield ind1=" " ind2="7" tag="650"><subfield code="a">KORTEWEG-DE-VRIES-GLEICHUNGEN (ANALYSIS)</subfield><subfield code="9">ger</subfield><subfield code="0">(ETHUDK)000013382</subfield><subfield code="2">ethudk</subfield></datafield><datafield ind1=" " ind2="7" tag="650"><subfield code="a">NICHTGELEITETE AUSBREITUNG ELEKTROMAGNETISCHER WELLEN (ELEKTRODYNAMIK)</subfield><subfield code="9">ger</subfield><subfield code="0">(ETHUDK)000015256</subfield><subfield code="2">ethudk</subfield></datafield><datafield ind1=" " ind2="7" tag="650"><subfield code="a">PSEUDODIFFERENTIALOPERATOREN (TOPOLOGIE DER MANNIGFALTIGKEITEN)</subfield><subfield code="9">ger</subfield><subfield code="0">(ETHUDK)000013112</subfield><subfield code="2">ethudk</subfield></datafield><datafield ind1=" " ind2="7" tag="650"><subfield code="a">STREUTHEORIE (FUNKTIONALANALYSIS)</subfield><subfield code="9">ger</subfield><subfield code="0">(ETHUDK)000053811</subfield><subfield code="2">ethudk</subfield></datafield><datafield ind1=" " ind2="7" tag="650"><subfield code="a">WELLENGLEICHUNGEN (ANALYSIS)</subfield><subfield code="9">ger</subfield><subfield code="0">(ETHUDK)000048699</subfield><subfield code="2">ethudk</subfield></datafield><datafield ind1=" " ind2=" " tag="690"><subfield code="a">81Uxx</subfield><subfield code="d">Scattering theory [See also 34A55, 34L25, 34L40, 35P25, 47A40]</subfield><subfield code="2">uzb-UT</subfield></datafield><datafield ind1="1" ind2=" " tag="700"><subfield code="a">Birman, Michail Š.</subfield><subfield code="d">1928-</subfield><subfield code="0">(DE-588)121334155</subfield></datafield><datafield ind1="1" ind2=" " tag="700"><subfield code="a">Birman, Mihail Šlemovič</subfield><subfield code="c">mathématicien</subfield><subfield code="d">1928-2009</subfield><subfield code="0">(IDREF)103132112</subfield></datafield><datafield ind1="2" ind2=" " tag="710"><subfield code="a">American mathematical society</subfield><subfield code="0">(IDREF)03160997X</subfield></datafield><datafield ind1=" " ind2="0" tag="830"><subfield code="a">Translations</subfield><subfield code="g">American Mathematical Society</subfield><subfield code="p">Series 2</subfield><subfield code="v">157</subfield><subfield code="w">(RERO)0702544-41slsp</subfield></datafield><datafield ind1=" " ind2=" " tag="900"><subfield code="a">REROnoselfmerge</subfield></datafield></record>
</metadata></record>