<record><header><identifier>oai:alma.41SLSP_UGE:991000002309705502</identifier><datestamp>2024-03-15T01:27:51Z</datestamp><setSpec>uge_bcen_RapidILL_BOOK</setSpec><setSpec>uge_aaca_RapidILL_BOOK</setSpec><setSpec>uge_abels_RapidILL_BOOK</setSpec><setSpec>uge_dbu_RapidILL_BOOK</setSpec><setSpec>uge_cmu_RapidILL_BOOK</setSpec><setSpec>uge_mail_RapidILL_BOOK</setSpec><setSpec>uge_abbat_RapidILL_BOOK</setSpec><setSpec>UNIGE_ALL</setSpec><setSpec>uge_aobs_RapidILL_BOOK</setSpec><setSpec>uge_acar_RapidILL_BOOK</setSpec></header><metadata>
<record xmlns="http://www.loc.gov/MARC21/slim" xmlns:xsi="http://www.w3.org/2001/XMLSchema-instance" xsi:schemaLocation="http://www.loc.gov/MARC21/slim http://www.loc.gov/standards/marcxml/schema/MARC21slim.xsd"><leader>02164nam a2200541 ca4500</leader><controlfield tag="001">991000002309705502</controlfield><controlfield tag="005">20240314062314.0</controlfield><controlfield tag="008">201012s1991    gw ||||| |||| 00| ||ger d</controlfield><datafield ind1=" " ind2=" " tag="019"><subfield code="a">Übergeordnete Aufnahme = Niveau supérieur = Livello superiore</subfield><subfield code="5">SLSP/2020</subfield></datafield><datafield ind1=" " ind2=" " tag="020"><subfield code="a">3518404024</subfield><subfield code="q">Bd. 1</subfield></datafield><datafield ind1="7" ind2=" " tag="024"><subfield code="a">http://catalogue.bnf.fr/ark:/12148/cb373868512</subfield><subfield code="2">uri</subfield></datafield><datafield ind1=" " ind2=" " tag="035"><subfield code="a">(swissbib)239125215-41slsp_network</subfield></datafield><datafield ind1=" " ind2=" " tag="035"><subfield code="a">239125215</subfield><subfield code="9">ExL</subfield></datafield><datafield ind1=" " ind2=" " tag="035"><subfield code="a">(RERO)1461874-41slsp</subfield></datafield><datafield ind1=" " ind2=" " tag="035"><subfield code="a">(NEBIS)000624417EBI01</subfield></datafield><datafield ind1=" " ind2=" " tag="035"><subfield code="a">(IDSLU)000060857ILU01</subfield></datafield><datafield ind1=" " ind2=" " tag="035"><subfield code="a">(IDSBB)000747497DSV01</subfield></datafield><datafield ind1=" " ind2=" " tag="035"><subfield code="a">(EXLNZ-41SLSP_NETWORK)991157628099705501</subfield></datafield><datafield ind1=" " ind2=" " tag="040"><subfield code="a">RERO geulal</subfield><subfield code="d">CH-ZuSLS</subfield></datafield><datafield ind1="0" ind2=" " tag="041"><subfield code="a">ger</subfield><subfield code="a">eng</subfield></datafield><datafield ind1=" " ind2="7" tag="072"><subfield code="a">al</subfield><subfield code="2">rero</subfield></datafield><datafield ind1=" " ind2="7" tag="072"><subfield code="a">592</subfield><subfield code="2">IDS LU</subfield></datafield><datafield ind1=" " ind2="7" tag="072"><subfield code="a">nd</subfield><subfield code="2">SzZuIDS BS/BE</subfield></datafield><datafield ind1="0" ind2="4" tag="082"><subfield code="a">830.9</subfield><subfield code="b">HIL</subfield></datafield><datafield ind1="0" ind2="4" tag="082"><subfield code="a">830</subfield><subfield code="b">H643g</subfield></datafield><datafield ind1="1" ind2="4" tag="082"><subfield code="a">830</subfield><subfield code="2">15</subfield></datafield><datafield ind1="1" ind2=" " tag="100"><subfield code="a">Hildesheimer, Wolfgang</subfield><subfield code="d">1916-1991</subfield><subfield code="0">(DE-588)118551019</subfield><subfield code="6">880-01</subfield></datafield><datafield ind1="1" ind2=" " tag="880"><subfield code="6">100-01</subfield><subfield code="a">Hildesheimer, Wolfgang</subfield><subfield code="d">1916-1991</subfield><subfield code="0">(IDREF)026922142</subfield><subfield code="4">cre</subfield></datafield><datafield ind1="1" ind2="0" tag="240"><subfield code="a">Werke</subfield></datafield><datafield ind1="1" ind2="0" tag="245"><subfield code="a">Gesammelte Werke in sieben Bänden</subfield><subfield code="c">Wolfgang Hildesheimer ; hrsg. von Christiaan Lucas Hart Nibbrig und Volker Jehle</subfield></datafield><datafield ind1="1" ind2=" " tag="246"><subfield code="a">Gesammelte Werke / Wolfgang Hildesheimer</subfield></datafield><datafield ind1=" " ind2="1" tag="264"><subfield code="a">Frankfurt am Main</subfield><subfield code="b">Suhrkamp</subfield><subfield code="c">1991</subfield></datafield><datafield ind1=" " ind2=" " tag="300"><subfield code="a">7 vol.</subfield><subfield code="b">ill.</subfield><subfield code="c">21 cm</subfield></datafield><datafield ind1=" " ind2=" " tag="336"><subfield code="b">txt</subfield><subfield code="2">rdacontent</subfield></datafield><datafield ind1=" " ind2=" " tag="337"><subfield code="b">n</subfield><subfield code="2">rdamedia</subfield></datafield><datafield ind1=" " ind2=" " tag="338"><subfield code="b">nc</subfield><subfield code="2">rdacarrier</subfield></datafield><datafield ind1=" " ind2=" " tag="500"><subfield code="a">Rückentitel: Gesammelte Werke</subfield></datafield><datafield ind1="1" ind2="0" tag="600"><subfield code="a">Hildesheimer, Wolfgang</subfield><subfield code="d">1916-1991</subfield></datafield><datafield ind1=" " ind2="7" tag="650"><subfield code="a">DEUTSCHE LITERATUR</subfield><subfield code="9">ger</subfield><subfield code="0">(ETHUDK)000036463</subfield><subfield code="2">ethudk</subfield></datafield><datafield ind1=" " ind2="7" tag="650"><subfield code="a">DRAMA (LITERATUR)</subfield><subfield code="9">ger</subfield><subfield code="0">(ETHUDK)000036414</subfield><subfield code="2">ethudk</subfield></datafield><datafield ind1=" " ind2="7" tag="650"><subfield code="a">ERZAEHLENDE LITERATUR</subfield><subfield code="9">ger</subfield><subfield code="0">(ETHUDK)000036419</subfield><subfield code="2">ethudk</subfield></datafield><datafield ind1=" " ind2="7" tag="650"><subfield code="a">ERZÄHLUNGEN + NOVELLEN + KURZGESCHICHTEN (LITERATUR)</subfield><subfield code="9">ger</subfield><subfield code="0">(ETHUDK)000036423</subfield><subfield code="2">ethudk</subfield></datafield><datafield ind1=" " ind2="7" tag="650"><subfield code="a">ESSAYS (LITERATUR)</subfield><subfield code="9">ger</subfield><subfield code="0">(ETHUDK)000036427</subfield><subfield code="2">ethudk</subfield></datafield><datafield ind1=" " ind2="7" tag="650"><subfield code="a">ROMANE (LITERATURGATTUNG)</subfield><subfield code="9">ger</subfield><subfield code="0">(ETHUDK)000036420</subfield><subfield code="2">ethudk</subfield></datafield><datafield ind1=" " ind2="7" tag="650"><subfield code="a">&quot;1916/1991&quot;</subfield><subfield code="2">ethudk</subfield></datafield><datafield ind1="1" ind2=" " tag="700"><subfield code="a">Hart Nibbrig, Christiaan L.</subfield><subfield code="d">1944-</subfield><subfield code="0">(DE-588)123454085</subfield></datafield><datafield ind1="1" ind2=" " tag="700"><subfield code="a">Hart Nibbrig, Christiaan Lucas</subfield><subfield code="d">1944-....</subfield><subfield code="0">(IDREF)073274100</subfield></datafield><datafield ind1="1" ind2=" " tag="700"><subfield code="a">Jehle, Volker</subfield><subfield code="0">(RERO)A003423418</subfield></datafield><datafield ind1=" " ind2=" " tag="900"><subfield code="a">REROnoselfmerge</subfield></datafield></record>
</metadata></record>