<record><header><identifier>oai:alma.41SLSP_UGE:991000019899705502</identifier><datestamp>2024-03-09T01:26:35Z</datestamp><setSpec>uge_bcen_RapidILL_BOOK</setSpec><setSpec>uge_aaca_RapidILL_BOOK</setSpec><setSpec>uge_abels_RapidILL_BOOK</setSpec><setSpec>uge_dbu_RapidILL_BOOK</setSpec><setSpec>uge_cmu_RapidILL_BOOK</setSpec><setSpec>uge_mail_RapidILL_BOOK</setSpec><setSpec>uge_abbat_RapidILL_BOOK</setSpec><setSpec>UNIGE_ALL</setSpec><setSpec>uge_acar_RapidILL_BOOK</setSpec><setSpec>uge_aobs_RapidILL_BOOK</setSpec></header><metadata>
<record xmlns="http://www.loc.gov/MARC21/slim" xmlns:xsi="http://www.w3.org/2001/XMLSchema-instance" xsi:schemaLocation="http://www.loc.gov/MARC21/slim http://www.loc.gov/standards/marcxml/schema/MARC21slim.xsd"><leader>04141nam a2200829 c 4500</leader><controlfield tag="001">991000019899705502</controlfield><controlfield tag="005">20240308034933.0</controlfield><controlfield tag="008">201012s2004    sz ||||| |||| 00| ||ger d</controlfield><datafield ind1=" " ind2=" " tag="015"><subfield code="a">GFR-DNB-04,N25,0617</subfield></datafield><datafield ind1=" " ind2=" " tag="020"><subfield code="a">3038231282</subfield><subfield code="q">Gb.</subfield><subfield code="c">ca. EUR 32.00, ca. CHF 48.00</subfield></datafield><datafield ind1=" " ind2=" " tag="035"><subfield code="a">(swissbib)239894898-41slsp_network</subfield></datafield><datafield ind1=" " ind2=" " tag="035"><subfield code="a">239894898</subfield><subfield code="9">ExL</subfield></datafield><datafield ind1=" " ind2=" " tag="035"><subfield code="a">(RERO)R003715539-41slsp</subfield></datafield><datafield ind1=" " ind2=" " tag="035"><subfield code="a">(RERO)bv000884599-41slsp</subfield></datafield><datafield ind1=" " ind2=" " tag="035"><subfield code="a">(IDSSG)000307088HSB01</subfield></datafield><datafield ind1=" " ind2=" " tag="035"><subfield code="a">(IDSBB)003362928DSV01</subfield></datafield><datafield ind1=" " ind2=" " tag="035"><subfield code="a">(NEBIS)004790096EBI01</subfield></datafield><datafield ind1=" " ind2=" " tag="035"><subfield code="a">(IDSLU)000421339ILU01</subfield></datafield><datafield ind1=" " ind2=" " tag="035"><subfield code="a">(DDB)971248044</subfield></datafield><datafield ind1=" " ind2=" " tag="035"><subfield code="a">(ABN)000264774ABN01</subfield></datafield><datafield ind1=" " ind2=" " tag="035"><subfield code="a">(ALEX)bv000884599</subfield></datafield><datafield ind1=" " ind2=" " tag="035"><subfield code="a">(EXLNZ-41SLSP_NETWORK)991141818899705501</subfield></datafield><datafield ind1=" " ind2=" " tag="040"><subfield code="a">RERO geubfd</subfield><subfield code="d">CH-ZuSLS</subfield></datafield><datafield ind1=" " ind2=" " tag="044"><subfield code="a">sz</subfield><subfield code="c">ch-zh</subfield></datafield><datafield ind1=" " ind2=" " tag="050"><subfield code="a">HD2741</subfield><subfield code="b">.S412 2004</subfield></datafield><datafield ind1=" " ind2="7" tag="072"><subfield code="a">se</subfield><subfield code="2">rero</subfield></datafield><datafield ind1=" " ind2="7" tag="072"><subfield code="a">dr</subfield><subfield code="2">rero</subfield></datafield><datafield ind1=" " ind2="7" tag="072"><subfield code="a">bw</subfield><subfield code="2">SzZuIDS BS/BE</subfield></datafield><datafield ind1="0" ind2="4" tag="082"><subfield code="a">658.4</subfield><subfield code="2">21</subfield></datafield><datafield ind1="0" ind2="4" tag="082"><subfield code="a">330</subfield></datafield><datafield ind1="1" ind2="4" tag="082"><subfield code="a">658.401</subfield><subfield code="2">22</subfield></datafield><datafield ind1=" " ind2=" " tag="084"><subfield code="a">CA/CH 79.1 h</subfield><subfield code="2">cjurrom</subfield></datafield><datafield ind1=" " ind2=" " tag="084"><subfield code="a">QP 341</subfield><subfield code="2">rvk</subfield></datafield><datafield ind1="1" ind2=" " tag="100"><subfield code="a">Schiltknecht, Kurt</subfield><subfield code="0">(RERO)A003796866</subfield><subfield code="4">cre</subfield></datafield><datafield ind1="1" ind2="0" tag="245"><subfield code="a">Corporate Governance</subfield><subfield code="b">das subtile Spiel um Geld und Macht</subfield><subfield code="c">Kurt Schiltknecht</subfield></datafield><datafield ind1=" " ind2="1" tag="264"><subfield code="a">Zürich</subfield><subfield code="b">Verlag Neue Zürcher Zeitung</subfield><subfield code="c">[2004]</subfield></datafield><datafield ind1=" " ind2="4" tag="264"><subfield code="c">© 2004</subfield></datafield><datafield ind1=" " ind2=" " tag="300"><subfield code="a">184 S.</subfield><subfield code="c">23 cm</subfield></datafield><datafield ind1=" " ind2=" " tag="336"><subfield code="b">txt</subfield><subfield code="2">rdacontent</subfield></datafield><datafield ind1=" " ind2=" " tag="337"><subfield code="b">n</subfield><subfield code="2">rdamedia</subfield></datafield><datafield ind1=" " ind2=" " tag="338"><subfield code="b">nc</subfield><subfield code="2">rdacarrier</subfield></datafield><datafield ind1=" " ind2=" " tag="504"><subfield code="a">Bibliogr.</subfield></datafield><datafield ind1=" " ind2="7" tag="650"><subfield code="a">Gouvernement d'entreprise</subfield><subfield code="0">(IDREF)034095101</subfield><subfield code="2">idref</subfield></datafield><datafield ind1=" " ind2="7" tag="650"><subfield code="a">Aktiengesellschaft</subfield><subfield code="9">ger</subfield><subfield code="0">(RERO)jurivoc000000693ger</subfield><subfield code="2">jurivoc</subfield></datafield><datafield ind1=" " ind2="7" tag="650"><subfield code="a">Aktionär</subfield><subfield code="9">ger</subfield><subfield code="0">(RERO)jurivoc000000708ger</subfield><subfield code="2">jurivoc</subfield></datafield><datafield ind1=" " ind2="7" tag="650"><subfield code="a">Unternehmensführung</subfield><subfield code="9">ger</subfield><subfield code="0">(RERO)jurivoc000050220ger</subfield><subfield code="2">jurivoc</subfield></datafield><datafield ind1=" " ind2="7" tag="650"><subfield code="a">Gesellschaftskapital</subfield><subfield code="9">ger</subfield><subfield code="0">(RERO)jurivoc000009853ger</subfield><subfield code="2">jurivoc</subfield></datafield><datafield ind1=" " ind2="7" tag="650"><subfield code="a">Verwaltungsrat</subfield><subfield code="9">ger</subfield><subfield code="0">(RERO)jurivoc000025377ger</subfield><subfield code="2">jurivoc</subfield></datafield><datafield ind1=" " ind2="7" tag="650"><subfield code="a">Corporate governance</subfield><subfield code="2">idsbb</subfield></datafield><datafield ind1=" " ind2="7" tag="650"><subfield code="a">Macht</subfield><subfield code="2">idszbz</subfield></datafield><datafield ind1=" " ind2="7" tag="650"><subfield code="a">Strategisches Management</subfield><subfield code="2">idszbz</subfield></datafield><datafield ind1=" " ind2="7" tag="650"><subfield code="a">Corporate Governance</subfield><subfield code="2">idszbz</subfield></datafield><datafield ind1=" " ind2="0" tag="650"><subfield code="a">Corporate governance</subfield></datafield><datafield ind1=" " ind2="7" tag="650"><subfield code="a">GRUNDSÄTZE DER UNTERNEHMENSFÜHRUNG</subfield><subfield code="9">ger</subfield><subfield code="0">(ETHUDK)000062392</subfield><subfield code="2">ethudk</subfield></datafield><datafield ind1=" " ind2="7" tag="650"><subfield code="a">MACHT + MACHTAUSÜBUNG (SOZIOLOGIE)</subfield><subfield code="9">ger</subfield><subfield code="0">(ETHUDK)000009985</subfield><subfield code="2">ethudk</subfield></datafield><datafield ind1=" " ind2="7" tag="650"><subfield code="a">STRATEGISCHE UNTERNEHMENSFÜHRUNG</subfield><subfield code="9">ger</subfield><subfield code="0">(ETHUDK)000042954</subfield><subfield code="2">ethudk</subfield></datafield><datafield ind1=" " ind2="7" tag="650"><subfield code="a">Corporate Governance</subfield><subfield code="0">(DE-588)4419850-4</subfield><subfield code="2">gnd</subfield></datafield><datafield ind1=" " ind2="7" tag="651"><subfield code="a">Suisse</subfield><subfield code="0">(IDREF)027249654</subfield><subfield code="2">idref</subfield></datafield><datafield ind1=" " ind2="7" tag="651"><subfield code="a">Schweiz</subfield><subfield code="9">ger</subfield><subfield code="0">(RERO)jurivoc000019912ger</subfield><subfield code="2">jurivoc</subfield></datafield><datafield ind1=" " ind2=" " tag="690"><subfield code="a">Corporate governance</subfield><subfield code="2">fho-fhs</subfield></datafield><datafield ind1=" " ind2=" " tag="690"><subfield code="a">Kreditmarkt; Struktur; Management; Analyse; Messung; Strukturierung; Übernahme; Entschädigung; Verwaltung; Beteiligung; Einleitung; Macht; Spiel; Unternehmen; Lohn; Manager; Code; Kontrakt; Regel; Verzeichnis; Finanzierung; Instrument; Anlageverhalten; Erwerb; Folge; Literatur; Medium; Nutzen; Zeitung; Zusammensetzung; institutioneller Anleger</subfield><subfield code="2">idssg-J</subfield></datafield><datafield ind1=" " ind2=" " tag="690"><subfield code="a">Aktionärsstruktur; Finanzanalyse; Managementoption; Literaturverzeichnis; Marktlohn; Angelpunkt; Entschädigungsmodell; Schlussfolgerunge; Unternehmungsziel</subfield><subfield code="2">idssg-J</subfield></datafield><datafield ind1=" " ind2=" " tag="690"><subfield code="a">1980er Jahr; 1990er Jahr; effizientes Instrument; institutionell Corporate; institutioneller Aktionär; institutioneller Investor; kontrollierende Beteiligung; neuer Zürcher; optimaler Kontrakt; subtiles Spiel; unabhängiger Verwaltungsrat</subfield><subfield code="2">idssg-J</subfield></datafield><datafield ind1=" " ind2=" " tag="690"><subfield code="a">Kurt SCHILTKNECHT Corporate Governance; Macht Neue Zürcher Zeitung; SCHILTKNECHT Corporate Governance; Stakeholder Value</subfield><subfield code="2">idssg-J</subfield></datafield><datafield ind1="4" ind2=" " tag="856"><subfield code="3">Titelblatt und Inhaltsverzeichnis</subfield><subfield code="u">https://toc.library.ethz.ch/objects/pdf/e01_3-03823-128-2_01.pdf</subfield><subfield code="q">pdf</subfield></datafield><datafield ind1="4" ind2=" " tag="856"><subfield code="3">Abstract / Autoreninformation</subfield><subfield code="u">https://toc.library.ethz.ch/objects/pdf/e01_3-03823-128-2_02.pdf</subfield><subfield code="q">pdf</subfield></datafield><datafield ind1=" " ind2=" " tag="900"><subfield code="a">IDSE5E19ANH-2004</subfield></datafield><datafield ind1=" " ind2=" " tag="900"><subfield code="a">IDSZ1ZH</subfield></datafield><datafield ind1=" " ind2=" " tag="900"><subfield code="a">IDSZ2zbzmon200409e</subfield><subfield code="c">IDSZ2kuns</subfield><subfield code="d">IDSZ2zbzswk200411b</subfield><subfield code="e">IDSZ2stet</subfield></datafield><datafield ind1=" " ind2=" " tag="900"><subfield code="a">IDSE5E51ANH-2005</subfield></datafield><datafield ind1=" " ind2=" " tag="900"><subfield code="a">IDSZ2rwimon200507l</subfield><subfield code="c">IDSZ2biss</subfield><subfield code="d">IDSZ2rwiswk200508u</subfield></datafield><datafield ind1=" " ind2=" " tag="949"><subfield code="a">https://toc.library.ethz.ch/objects/pdf/e01_3-03823-128-2_01.pdf</subfield></datafield><datafield ind1=" " ind2=" " tag="949"><subfield code="a">https://toc.library.ethz.ch/objects/pdf/e01_3-03823-128-2_02.pdf</subfield></datafield></record>
</metadata></record>