<record><header><identifier>oai:alma.41SLSP_UGE:991000002829705502</identifier><datestamp>2024-03-01T01:19:22Z</datestamp><setSpec>uge_bcen_RapidILL_BOOK</setSpec><setSpec>uge_aaca_RapidILL_BOOK</setSpec><setSpec>uge_abels_RapidILL_BOOK</setSpec><setSpec>uge_dbu_RapidILL_BOOK</setSpec><setSpec>uge_cmu_RapidILL_BOOK</setSpec><setSpec>uge_mail_RapidILL_BOOK</setSpec><setSpec>uge_abbat_RapidILL_BOOK</setSpec><setSpec>UNIGE_ALL</setSpec><setSpec>uge_acar_RapidILL_BOOK</setSpec><setSpec>uge_aobs_RapidILL_BOOK</setSpec></header><metadata>
<record xmlns="http://www.loc.gov/MARC21/slim" xmlns:xsi="http://www.w3.org/2001/XMLSchema-instance" xsi:schemaLocation="http://www.loc.gov/MARC21/slim http://www.loc.gov/standards/marcxml/schema/MARC21slim.xsd"><leader>10408nam a2200865 c 4500</leader><controlfield tag="001">991000002829705502</controlfield><controlfield tag="005">20240229145642.0</controlfield><controlfield tag="008">201012t20162016sz            00| | ger  </controlfield><datafield ind1=" " ind2=" " tag="015"><subfield code="a">16,N18</subfield><subfield code="2">dnb</subfield></datafield><datafield ind1="7" ind2=" " tag="016"><subfield code="a">1098437934</subfield><subfield code="2">DE-101</subfield></datafield><datafield ind1=" " ind2=" " tag="020"><subfield code="z">9783280094037</subfield><subfield code="q">online-Ausgabe</subfield></datafield><datafield ind1=" " ind2=" " tag="020"><subfield code="a">3280073472</subfield><subfield code="q">pbk.</subfield></datafield><datafield ind1=" " ind2=" " tag="020"><subfield code="a">9783280073476</subfield><subfield code="q">pbk.</subfield><subfield code="c">sfr 59.00 (freier Preis), circa EUR 59.00 (DE)</subfield></datafield><datafield ind1=" " ind2=" " tag="035"><subfield code="a">(swissbib)242207588-41slsp_network</subfield></datafield><datafield ind1=" " ind2=" " tag="035"><subfield code="a">242207588</subfield><subfield code="9">ExL</subfield></datafield><datafield ind1=" " ind2=" " tag="035"><subfield code="a">(IDSSG)000915748HSB01</subfield></datafield><datafield ind1=" " ind2=" " tag="035"><subfield code="a">(IDSBB)006509752DSV01</subfield></datafield><datafield ind1=" " ind2=" " tag="035"><subfield code="a">(NEBIS)010653714EBI01</subfield></datafield><datafield ind1=" " ind2=" " tag="035"><subfield code="a">(IDSLU)001239912ILU01</subfield></datafield><datafield ind1=" " ind2=" " tag="035"><subfield code="a">(RERO)R008504198-41slsp</subfield></datafield><datafield ind1=" " ind2=" " tag="035"><subfield code="a">(SBT)000837467SBT01</subfield></datafield><datafield ind1=" " ind2=" " tag="035"><subfield code="a">(DE-599)DNB1098437934</subfield></datafield><datafield ind1=" " ind2=" " tag="035"><subfield code="a">(EXLNZ-41SLSP_NETWORK)991103989399705501</subfield></datafield><datafield ind1=" " ind2=" " tag="040"><subfield code="a">1145</subfield><subfield code="b">ger</subfield><subfield code="e">rda</subfield><subfield code="d">CH-ZuSLS</subfield></datafield><datafield ind1=" " ind2=" " tag="044"><subfield code="a">sz</subfield><subfield code="c">ch-zh</subfield></datafield><datafield ind1=" " ind2="7" tag="072"><subfield code="a">rw</subfield><subfield code="2">SzZuIDS BS/BE</subfield></datafield><datafield ind1=" " ind2="7" tag="072"><subfield code="a">807</subfield><subfield code="2">IDS LU</subfield></datafield><datafield ind1=" " ind2="7" tag="072"><subfield code="a">822</subfield><subfield code="2">IDS LU</subfield></datafield><datafield ind1=" " ind2="7" tag="072"><subfield code="a">801</subfield><subfield code="2">IDS LU</subfield></datafield><datafield ind1=" " ind2="7" tag="072"><subfield code="a">dr</subfield><subfield code="2">rero</subfield></datafield><datafield ind1="1" ind2="4" tag="082"><subfield code="a">340</subfield><subfield code="2">15</subfield></datafield><datafield ind1=" " ind2=" " tag="084"><subfield code="a">340</subfield><subfield code="2">sdnb</subfield></datafield><datafield ind1=" " ind2=" " tag="084"><subfield code="a">CA/CH 44 g</subfield><subfield code="2">cjurrom</subfield></datafield><datafield ind1=" " ind2=" " tag="084"><subfield code="a">CA/CH 45 g</subfield><subfield code="2">cjurrom</subfield></datafield><datafield ind1="1" ind2=" " tag="100"><subfield code="6">880-01</subfield><subfield code="a">Trümpler, Ralph</subfield><subfield code="d">1982-</subfield><subfield code="0">(DE-588)1025065395</subfield><subfield code="4">aut</subfield></datafield><datafield ind1="1" ind2=" " tag="880"><subfield code="6">100-01</subfield><subfield code="a">Trümpler, Ralph</subfield><subfield code="0">(RERO)A018801836</subfield><subfield code="4">aut</subfield></datafield><datafield ind1="1" ind2="0" tag="245"><subfield code="a">Repetitorium Öffentliches Wirtschaftsrecht</subfield><subfield code="b">kurz gefasste Darstellung mit Schemata, Übungen und Lösungen</subfield><subfield code="c">Ralph Trümpler, Fanny de Weck</subfield></datafield><datafield ind1="1" ind2="0" tag="246"><subfield code="a">Öffentliches Wirtschaftsrecht</subfield></datafield><datafield ind1=" " ind2="1" tag="264"><subfield code="a">Zürich</subfield><subfield code="b">Orell Füssli Verlag</subfield><subfield code="c">[2016]</subfield></datafield><datafield ind1=" " ind2="4" tag="264"><subfield code="c">2016</subfield></datafield><datafield ind1=" " ind2=" " tag="300"><subfield code="a">200 Seiten</subfield><subfield code="b">Illustrationen</subfield><subfield code="c">29.7 cm x 21 cm</subfield></datafield><datafield ind1=" " ind2=" " tag="336"><subfield code="b">txt</subfield><subfield code="2">rdacontent</subfield></datafield><datafield ind1=" " ind2=" " tag="337"><subfield code="b">n</subfield><subfield code="2">rdamedia</subfield></datafield><datafield ind1=" " ind2=" " tag="338"><subfield code="b">nc</subfield><subfield code="2">rdacarrier</subfield></datafield><datafield ind1="0" ind2=" " tag="490"><subfield code="a">[Repetitorien Recht]</subfield></datafield><datafield ind1=" " ind2=" " tag="504"><subfield code="a">Bibliografia: p. 22</subfield></datafield><datafield ind1=" " ind2=" " tag="520"><subfield code="a">Der vorliegende Band befasst sich mit dem schweizerischen Wirtschaftsverfassungs- und Wirtschaftsverwaltungsrecht. Nach einer Einführung in die rechtlichen Grundlagen des öffentlichen Wirtschaftsrechts wird ein Überblick über die verschiedenen Rollen des Staates in der Wirtschaft vermittelt. Es geht dabei unter anderem um die Bindung des Staates an die wirtschaftsrelevanten Grundrechte, um das Recht des Wettbewerbs, des Binnenmarkts und der Aussenwirtschaft, aber auch um Wirtschaftsaufsicht, öffentliche Beschaffungen, institutionellen Wettbewerb oder staatliche Marktordnungen und Monopole. Das Repetitorium will einen möglichst ganzheitlichen Blick auf dieses umfang- und facettenreiche Rechtsgebiet verschaffen, in welchem der Staat einmal als Ordnungshüter und Aufseher, dann wieder als Teilnehmer und oft als Gewährleister und Lenker auftritt.</subfield><subfield code="5">SBT/22.02.2019/BUL/CC</subfield></datafield><datafield ind1=" " ind2="7" tag="650"><subfield code="a">Wirtschaftsverfassungsrecht</subfield><subfield code="0">(DE-588)4201349-5</subfield><subfield code="2">gnd</subfield></datafield><datafield ind1=" " ind2="7" tag="650"><subfield code="a">Wirtschaftsverwaltungsrecht</subfield><subfield code="0">(DE-588)4124920-3</subfield><subfield code="2">gnd</subfield></datafield><datafield ind1=" " ind2="7" tag="650"><subfield code="a">Wirtschaftsrecht</subfield><subfield code="0">(DE-588)4066510-0</subfield><subfield code="2">gnd</subfield></datafield><datafield ind1=" " ind2="7" tag="650"><subfield code="a">Wirtschaftsverfassung</subfield><subfield code="0">(DE-588)4190079-0</subfield><subfield code="2">gnd</subfield></datafield><datafield ind1=" " ind2="7" tag="650"><subfield code="a">Droit public économique</subfield><subfield code="0">(IDREF)028231414</subfield><subfield code="2">idref</subfield></datafield><datafield ind1=" " ind2="7" tag="651"><subfield code="a">Schweiz</subfield><subfield code="0">(DE-588)4053881-3</subfield><subfield code="2">gnd</subfield></datafield><datafield ind1=" " ind2="7" tag="651"><subfield code="a">Suisse</subfield><subfield code="0">(IDREF)027249654</subfield><subfield code="2">idref</subfield></datafield><datafield ind1=" " ind2="7" tag="655"><subfield code="a">Lehrbuch</subfield><subfield code="2">gnd-content</subfield></datafield><datafield ind1=" " ind2="7" tag="655"><subfield code="a">Manuels d'enseignement supérieur</subfield><subfield code="0">(IDREF)03020934X</subfield><subfield code="2">idref</subfield></datafield><datafield ind1=" " ind2=" " tag="690"><subfield code="a">Freizügigkeit; Außenwirtschaftsrecht; Wasserrecht; Konzession; Kartellrecht; Garantie; Bundesgesetz; Gesetzgebung; Alleinhandelsrecht; Vergaberecht; Arbeitnehmerschutz; Niederlassungsrecht; Verbot; Rechtsprechung; institutioneller Wettbewerb; Steuerwettbewerb; Rechtsschutz; Binnenmarkt; Finanzmarkt; Staatsvertrag; Freiheitsrecht; Koalitionsfreiheit; Handelsabkommen; Angebot; Energieversorgung; Importbeschränkung; Wirtschaftsförderung; Verantwortung; Controlling; Beschaffungswesen; Behandlung; Forschung; Ordnung</subfield><subfield code="2">idssg-J</subfield></datafield><datafield ind1=" " ind2=" " tag="690"><subfield code="a">Wirtschaftsfreiheit; Gewährleistungsverantwortung; Eigentumsgarantie; Freihandelsabkommen; Gleichbehandlung; Grundsatzentscheid; Individualrecht; Kartellgesetz; Schrankenordnung; Finanzhilfe; Landesversorgung; Rechtschutz; Schutzbereich; Beschaffungsrecht; Bestandesgarantie; Binnenmarktgesetz; Finanzmarktrecht; Grundrechtsbindung; Institutsgarantie; Konjunkturbelebung; Konjunkturerhebung; Lauterkeitsrecht; Notrecht; Preisüberwachungsrecht; Rechtsgleichheitsgebot; Verfassungsgrundsatz; Wasserrechtskonzession; Wertgarantie; Wettbewerbsgesetzgebung; Zweistufentheorie; Handelsförderung; Infrastrukturaufgabe; Münzversorgung; Selbstregulierung; Wirtschaftsbeobachtung; Energieversorgungssicherheit; Finanzmarktaufsicht; Literaturverzeichnis; Wirtschaftsrelevanz; Ausnahmebereich; Energiebereich; Grundrechtskonkurrenz; Infrastrukturbereich; Schiedskommission; Staatspersonal; Streikverbot; Wertaussage; Wettbewerbskommission; Angebotsseite; Aufsichtstätigkeit; Auftraggeber; Berggebiet; Beschwerdeinstanz; Binnenmarktidee; Einkommenszuschuss; Existenzgefährdung; Exportrisikoversicherung; Fernsehinhalt; Gemeinwesen; Grundrechtseingriff; Grundzug; Informationsasymmetrie; Inhaltsübersicht; Konzessionssystem; Krankenpflegeversicherung; Liberalisierungsschritt; Marktteilnahme; Marktteilnehmer; Nachfrageseite; Notenmonopolist; Reinform; Rüstungswesen; Tatbestand; Teilgehalt; Ursprungsbezeichnung; Verfassungsgrundlage; Wettbewerbsabrede; Wirtschaftstätigkeit; Wirtschaftsverkehr; Währungswesen; Zentralstelle</subfield><subfield code="2">idssg-J</subfield></datafield><datafield ind1=" " ind2=" " tag="690"><subfield code="a">beschränkter Schutz; einheitlicher Wirtschaftsraum; rechtlicher Aspekt; sektorale Strukturpolitik; staatliche Tätigkeit; weiteres Individualrecht; weiterer Rechter; weitere Strukturpolitik; öffentliches Unternehmen; abnehmende Beschränkung; allgemeines Rechtsgleichheitsgebot; allgemeiner Verfassungsgrundsatz; allgemeines Verwaltungsrecht; allgemeine Vorgabe; anderer Aspekt; anderer Bereich; anderes Grundrecht; basierendes Monopol; basierendes Regal; berufliche Vorsorge; besonderes Verwaltungsrecht; bilaterale Beziehung; bilateraler Staatsvertrag; bilateraler Vertrag; binnenmarktliche Funktion; demokratische Funktion; direkte Einschränkung; direkter Konkurrent; einheitlicher Wirtschaftsraum; europäische Wirtschaftsintegration; europäischer Wirtschaftsraum; fehlende Investition; fehlende Verfassungsgerichtsbarkeit; freier Markt; gefasste Darstellung; geldpolitisches Instrument; geldpolitisches Konzept; geldpolitische Maßnahme; gemischtwirtschaftliche Gesellschaft; gemischtwirtschaftliches Unternehmen; generelle Preisstabilität; generelles Streikverbot; geographische Angabe; gesamtschweizerisch Wi; globale Ebene; grenzüberschreitender Wirtschaftsverkehr; grundrechtlicher Schutz; individualrechtliche Funktion; internationales Wirtschaftsrecht; klassische Infrastrukturaufgabe; marktbeherrschendes Unternehmen; materielles Kartellrecht; multilaterale Beziehung; neue Regionalpolitik; normative Wertaussage; obligatorische Krankenpflegeversicherung; ordnungspolitischer Grundsatzentscheid; persönlicher Schutzbereich; produktionsunabhängiger Einkommenszuschuss; rechtliche Grundlage; rechtliche Organisation; rechtlicher Rahmen; rechtliche Stellung; rechtmäßige Unzulässigkeit; rechtmäßiger Streik; regionale Strukturpolitik; sachlicher Schutzbereich; schweizerisches Außenwirtschaftsrecht; schweizerisches Engagement; schweizerisches Kartellgesetz; schweizerisches Kartellrecht; schwei</subfield><subfield code="2">idssg-J</subfield></datafield><datafield ind1=" " ind2=" " tag="690"><subfield code="a">zerische Nationalbank; schweizerischer Wirtschaftsraum; sektorale Strukturpolitik; spezialgesetzliche Aktiengesellschaft; spezialgesetzliche Genossenschaft; staatlich Wirtschafts; staatliche Aufsicht; staatliche Beihilfe; staatliche Gewährleistungsverantwortung; staatliche Konzession; staatliche Lenkung; staatliche Marktteilnahme; staatliches Monopol; staatliche Produktion; staatliche Wirtschaftstätigkeit; strukturpolitische Maßnahme; sächlicher Schutzbereich; technisches Handelshemmnis; tätige Organisation; unabhängige Beschwerdeinstanz; unternehmerische Tätigkeit; unzulässige Wettbewerbsabrede; verfassungsmäßiger Rechter; völkerrechtlicher Rahmen; weitere Aufsichtstätigkeit; weiterer Bereich; weitere Form; weiterer Liberalisierungsschritt; weitere Zuständigkeit; wettbewerbswidrige Wirtschaftspolitik; wirtschaftliche Betätigung; wirtschaftliche Landesversorgung; wirtschaftliche Landesverteidigung; wirtschaftspolizeiliche Regelung; wirtschaftsrelevantes Individualrecht; wirtschaftssystemrelevante Funktion; wirtschaftsverfassungsrechtlich Anforde; wirtschaftsverfassungsrechtlicher Ausnahmebereich; öffentlicher Auftrag; öffentlicher Grund; öffentliches Wirtschaftsrecht</subfield><subfield code="2">idssg-J</subfield></datafield><datafield ind1=" " ind2=" " tag="690"><subfield code="a">allgemein Verwaltungsrecht Besonderes Verwaltungsrecht; Beispiel Produktionsunabhängige Einkommenszuschüsse; beruflich Vorsorge Institutioneller Wettbewerb; Freiheitsrecht Individualrechtliche Funktion; Garant Grundrechtlicher Schutz; Gewährleistungsverantwortung Beispiel Infrastrukturbereich Hinweise; Ralph Trümpier Fanny; Repetitorium Öffentliches Wirtschaftsrecht; staatlich Produktion Beschaffung; Weck Repetitorium Öffentliches Wirtschaftsrecht; Wertaussage Wirtschaftssystemrelevante Funktion; Wirtschaftspolitik Demokratische Funktion; Wirtschaftsraum Binnenmarktliche Funktion</subfield><subfield code="2">idssg-J</subfield></datafield><datafield ind1=" " ind2=" " tag="691"><subfield code="e">PC 44 CH</subfield><subfield code="2">rzs-L1</subfield></datafield><datafield ind1=" " ind2=" " tag="691"><subfield code="e">343.49407076</subfield><subfield code="a">Regolamentazione dell'attività economica. Svizzera. Prontuari ed esercizi</subfield><subfield code="2">usi-TE</subfield></datafield><datafield ind1="1" ind2=" " tag="700"><subfield code="a">Weck, Fanny &lt;&lt;de&gt;&gt;</subfield><subfield code="d">1982-</subfield><subfield code="6">880-02</subfield><subfield code="0">(DE-588)1115658492</subfield><subfield code="4">aut</subfield></datafield><datafield ind1="1" ind2=" " tag="880"><subfield code="6">700-02</subfield><subfield code="a">Weck, Fanny de</subfield><subfield code="0">(RERO)A018801304</subfield><subfield code="4">aut</subfield></datafield><datafield ind1="0" ind2="8" tag="776"><subfield code="i">Online-Version</subfield><subfield code="a">Trümpler, Ralph</subfield><subfield code="t">Repetitorium Öffentliches Wirtschaftsrecht</subfield><subfield code="w">(IDSSG)001070655HSB01</subfield><subfield code="d">Zürich : Orell Füssli Verlag, ©2016</subfield></datafield><datafield ind1="4" ind2=" " tag="856"><subfield code="3">Titelblatt und Inhaltsverzeichnis</subfield><subfield code="u">https://toc.library.ethz.ch/objects/pdf03/z01_978-3-280-07347-6_01.pdf</subfield><subfield code="q">pdf</subfield></datafield><datafield ind1="4" ind2="2" tag="856"><subfield code="q">text/html</subfield><subfield code="u">https://deposit.dnb.de/cgi-bin/dokserv?id=5226f08ee5a74837b8b2c42c085a3a94&amp;prov=M&amp;dok_var=1&amp;dok_ext=htm</subfield><subfield code="z">Inhaltstext</subfield></datafield><datafield ind1=" " ind2=" " tag="830"><subfield code="a">Repetitorien Recht</subfield><subfield code="w">(SBT)000216658SBT01</subfield></datafield><datafield ind1=" " ind2=" " tag="900"><subfield code="a">IDSDSStoppsignal FRED</subfield><subfield code="x">03.10.2016</subfield></datafield><datafield ind1=" " ind2=" " tag="900"><subfield code="a">IDSZ1ZH</subfield></datafield><datafield ind1=" " ind2=" " tag="900"><subfield code="a">IDSZ2rwimon201610f</subfield><subfield code="c">IDSZ2paru</subfield><subfield code="d">IDSZ2rwiswk201610b</subfield><subfield code="e">IDSZ2paru</subfield></datafield><datafield ind1=" " ind2=" " tag="900"><subfield code="a">IDSZ2zbzmon201610l</subfield><subfield code="c">IDSZ2ehrl</subfield><subfield code="d">IDSZ2zbzswk201610g</subfield><subfield code="e">IDSZ2bruu</subfield></datafield><datafield ind1=" " ind2=" " tag="900"><subfield code="a">REROnoselfmerge</subfield></datafield><datafield ind1=" " ind2=" " tag="949"><subfield code="a">https://toc.library.ethz.ch/objects/pdf03/z01_978-3-280-07347-6_01.pdf</subfield></datafield><datafield ind1=" " ind2=" " tag="949"><subfield code="a">https://deposit.dnb.de/cgi-bin/dokserv?id=5226f08ee5a74837b8b2c42c085a3a94&amp;prov=M&amp;dok_var=1&amp;dok_ext=htm</subfield></datafield></record>
</metadata></record>