<record><header><identifier>oai:alma.41SLSP_UGE:991000051559705502</identifier><datestamp>2024-08-24T00:09:50Z</datestamp><setSpec>uge_bcen_RapidILL_BOOK</setSpec><setSpec>uge_aaca_RapidILL_BOOK</setSpec><setSpec>uge_abels_RapidILL_BOOK</setSpec><setSpec>uge_dbu_RapidILL_BOOK</setSpec><setSpec>uge_cmu_RapidILL_BOOK</setSpec><setSpec>uge_mail_RapidILL_BOOK</setSpec><setSpec>uge_abbat_RapidILL_BOOK</setSpec><setSpec>UNIGE_ALL</setSpec><setSpec>uge_acar_RapidILL_BOOK</setSpec><setSpec>uge_aobs_RapidILL_BOOK</setSpec></header><metadata>
<record xmlns="http://www.loc.gov/MARC21/slim" xmlns:xsi="http://www.w3.org/2001/XMLSchema-instance" xsi:schemaLocation="http://www.loc.gov/MARC21/slim http://www.loc.gov/standards/marcxml/schema/MARC21slim.xsd"><leader>02344nam a2200541 c 4500</leader><controlfield tag="001">991000051559705502</controlfield><controlfield tag="005">20240823124803.0</controlfield><controlfield tag="008">201011s1980    gw ||||| |||| 00| ||ger d</controlfield><datafield ind1=" " ind2=" " tag="020"><subfield code="a">3533029352</subfield></datafield><datafield ind1=" " ind2=" " tag="035"><subfield code="a">(swissbib)232068313-41slsp_network</subfield></datafield><datafield ind1=" " ind2=" " tag="035"><subfield code="a">232068313</subfield><subfield code="9">ExL</subfield></datafield><datafield ind1=" " ind2=" " tag="035"><subfield code="a">(RERO)1055839-41slsp</subfield></datafield><datafield ind1=" " ind2=" " tag="035"><subfield code="a">(NEBIS)008374201EBI01</subfield></datafield><datafield ind1=" " ind2=" " tag="035"><subfield code="a">(NEBIS)003912319EBI01</subfield></datafield><datafield ind1=" " ind2=" " tag="035"><subfield code="a">(EXLNZ-41SLSP_NETWORK)991085441909705501</subfield></datafield><datafield ind1=" " ind2=" " tag="040"><subfield code="a">RERO neubfl</subfield><subfield code="d">CH-ZuSLS</subfield></datafield><datafield ind1=" " ind2="7" tag="072"><subfield code="a">al</subfield><subfield code="2">rero</subfield></datafield><datafield ind1="0" ind2="0" tag="082"><subfield code="a">641.5943</subfield><subfield code="2">19</subfield></datafield><datafield ind1="1" ind2="4" tag="082"><subfield code="a">641.594 3</subfield><subfield code="2">22</subfield></datafield><datafield ind1="1" ind2="4" tag="082"><subfield code="a">641.5943</subfield><subfield code="2">22</subfield></datafield><datafield ind1="0" ind2="0" tag="245"><subfield code="a">Aus Kochbüchern des 14. bis 19. Jahrhunderts</subfield><subfield code="b">Quellen zur Geschichte einer Textart</subfield><subfield code="c">unter Mitarb. von Renate Ertl und Angelika Schmitt ; hrsg. von Hugo Stopp</subfield></datafield><datafield ind1=" " ind2="1" tag="264"><subfield code="a">Heidelberg</subfield><subfield code="b">C. Winter</subfield><subfield code="c">1980</subfield></datafield><datafield ind1=" " ind2=" " tag="300"><subfield code="a">186 p.</subfield><subfield code="c">24 cm</subfield></datafield><datafield ind1=" " ind2=" " tag="336"><subfield code="b">txt</subfield><subfield code="2">rdacontent</subfield></datafield><datafield ind1=" " ind2=" " tag="337"><subfield code="b">n</subfield><subfield code="2">rdamedia</subfield></datafield><datafield ind1=" " ind2=" " tag="338"><subfield code="b">nc</subfield><subfield code="2">rdacarrier</subfield></datafield><datafield ind1="1" ind2=" " tag="490"><subfield code="a">Germanische Bibliothek. Neue Folge. 7. Reihe, Quellen zur deutschen Sprach- und Literaturgeschichte</subfield><subfield code="v">1</subfield></datafield><datafield ind1=" " ind2="7" tag="648"><subfield code="a">Geschichte 1300-1800</subfield><subfield code="2">gnd</subfield></datafield><datafield ind1=" " ind2="7" tag="650"><subfield code="a">14e siècle-19e siècle</subfield><subfield code="2">idref</subfield></datafield><datafield ind1=" " ind2="7" tag="650"><subfield code="a">Cuisine</subfield><subfield code="0">(IDREF)027231313</subfield><subfield code="2">idref</subfield></datafield><datafield ind1=" " ind2="7" tag="650"><subfield code="a">Sprache</subfield><subfield code="x">Geschichte</subfield><subfield code="2">swd</subfield></datafield><datafield ind1=" " ind2="7" tag="650"><subfield code="a">Textsorte</subfield><subfield code="0">(DE-588)4059664-3</subfield><subfield code="2">gnd</subfield></datafield><datafield ind1=" " ind2="7" tag="650"><subfield code="a">Kochbuch</subfield><subfield code="0">(DE-588)4114240-8</subfield><subfield code="2">gnd</subfield></datafield><datafield ind1=" " ind2="7" tag="650"><subfield code="a">Sprache</subfield><subfield code="0">(DE-588)4056449-6</subfield><subfield code="2">gnd</subfield></datafield><datafield ind1=" " ind2="7" tag="650"><subfield code="a">Geschichte</subfield><subfield code="0">(DE-588)4020517-4</subfield><subfield code="2">gnd</subfield></datafield><datafield ind1=" " ind2="0" tag="650"><subfield code="a">Cooking, German</subfield><subfield code="v">Sources</subfield><subfield code="x">History</subfield></datafield><datafield ind1=" " ind2="0" tag="650"><subfield code="a">Cooking, German</subfield><subfield code="x">History</subfield><subfield code="x">Sources</subfield></datafield><datafield ind1=" " ind2="7" tag="655"><subfield code="a">Manuels d'enseignement</subfield><subfield code="0">(IDREF)027446514</subfield><subfield code="2">idref</subfield></datafield><datafield ind1=" " ind2=" " tag="690"><subfield code="a">Ernährung</subfield><subfield code="2">uzb-UU</subfield></datafield><datafield ind1=" " ind2=" " tag="690"><subfield code="a">Deutsche Handschriften / Ausgaben / Anthologien, Sammelwerke</subfield><subfield code="2">uzb-Z9</subfield></datafield><datafield ind1=" " ind2=" " tag="690"><subfield code="a">Kochbuch / Ausgaben / 1980- ersch.</subfield><subfield code="2">uzb-Z9</subfield></datafield><datafield ind1="1" ind2=" " tag="700"><subfield code="a">Schmitt, Angelika</subfield></datafield><datafield ind1="1" ind2=" " tag="700"><subfield code="a">Ertl, Renate</subfield><subfield code="0">(IDREF)03509284X</subfield><subfield code="4">aut</subfield></datafield><datafield ind1="1" ind2=" " tag="700"><subfield code="a">Stopp, Hugo</subfield><subfield code="d">1931-....</subfield><subfield code="0">(IDREF)028370775</subfield><subfield code="4">edt</subfield></datafield><datafield ind1=" " ind2="0" tag="830"><subfield code="a">Germanische Bibliothek</subfield><subfield code="p">Neue Folge</subfield><subfield code="p">Reihe 7, Quellen zur deutschen Sprach- und Literaturgeschichte</subfield><subfield code="v">1</subfield><subfield code="w">(NEBIS)008374200EBI01</subfield></datafield><datafield ind1=" " ind2="0" tag="830"><subfield code="a">Germanische Bibliothek</subfield><subfield code="p">Neue Folge. Reihe 7, Quellen zur deutschen Sprach- und Literaturgeschichte</subfield><subfield code="v">1</subfield><subfield code="w">(NEBIS)003924639EBI01</subfield></datafield><datafield ind1=" " ind2="0" tag="830"><subfield code="a">Germanische Bibliothek</subfield><subfield code="p">Neue Folge. Reihe 7, Quellen zur deutschen Sprach- und Literaturgeschichte</subfield><subfield code="w">(RERO)0534269-41slsp</subfield><subfield code="v">1</subfield></datafield><datafield ind1=" " ind2=" " tag="900"><subfield code="a">REROnoselfmerge</subfield></datafield><datafield ind1=" " ind2=" " tag="900"><subfield code="a">IDSZ2esmon200007i</subfield><subfield code="c">IDSZ2beda</subfield></datafield></record>
</metadata></record>