<record><header><identifier>oai:alma.41SLSP_UGE:991000002099705502</identifier><datestamp>2023-04-08T00:24:59Z</datestamp><setSpec>uge_bcen_RapidILL_BOOK</setSpec><setSpec>uge_aaca_RapidILL_BOOK</setSpec><setSpec>uge_abels_RapidILL_BOOK</setSpec><setSpec>uge_dbu_RapidILL_BOOK</setSpec><setSpec>uge_cmu_RapidILL_BOOK</setSpec><setSpec>uge_mail_RapidILL_BOOK</setSpec><setSpec>uge_abbat_RapidILL_BOOK</setSpec><setSpec>UNIGE_ALL</setSpec><setSpec>uge_acar_RapidILL_BOOK</setSpec><setSpec>uge_aobs_RapidILL_BOOK</setSpec></header><metadata>
<record xmlns="http://www.loc.gov/MARC21/slim" xmlns:xsi="http://www.w3.org/2001/XMLSchema-instance" xsi:schemaLocation="http://www.loc.gov/MARC21/slim http://www.loc.gov/standards/marcxml/schema/MARC21slim.xsd"><leader>01311nam a2200361 c 4500</leader><controlfield tag="001">991000002099705502</controlfield><controlfield tag="005">20230407201841.0</controlfield><controlfield tag="008">130319s2000    sw ||||| |||| 00| ||eng d</controlfield><datafield ind1=" " ind2=" " tag="020"><subfield code="a">9162840185</subfield></datafield><datafield ind1=" " ind2=" " tag="020"><subfield code="a">9789162840181</subfield></datafield><datafield ind1=" " ind2=" " tag="035"><subfield code="a">(swissbib)117132861-41slsp_network</subfield></datafield><datafield ind1=" " ind2=" " tag="035"><subfield code="a">117132861</subfield><subfield code="9">ExL</subfield></datafield><datafield ind1=" " ind2=" " tag="035"><subfield code="a">(RERO)R007260470-41slsp</subfield></datafield><datafield ind1=" " ind2=" " tag="035"><subfield code="a">(EXLNZ-41SLSP_NETWORK)991148042269705501</subfield></datafield><datafield ind1=" " ind2=" " tag="040"><subfield code="a">EQO</subfield><subfield code="d">CH-ZuSLS</subfield></datafield><datafield ind1=" " ind2="7" tag="072"><subfield code="a">ph</subfield><subfield code="2">rero</subfield></datafield><datafield ind1="1" ind2=" " tag="100"><subfield code="a">Petersson, Björn</subfield><subfield code="0">(RERO)A023224806</subfield><subfield code="4">cre</subfield></datafield><datafield ind1="1" ind2="0" tag="245"><subfield code="a">Belief &amp; [and] desire</subfield><subfield code="b">the standard model of intentional action : critique and defence</subfield><subfield code="c">Björn Petersson</subfield></datafield><datafield ind1=" " ind2="1" tag="264"><subfield code="a">Lund</subfield><subfield code="b">Lund University</subfield><subfield code="c">2000</subfield></datafield><datafield ind1=" " ind2=" " tag="300"><subfield code="a">224 p., ix</subfield><subfield code="c">21 cm</subfield></datafield><datafield ind1=" " ind2=" " tag="336"><subfield code="b">txt</subfield><subfield code="2">rdacontent</subfield></datafield><datafield ind1=" " ind2=" " tag="337"><subfield code="b">n</subfield><subfield code="2">rdamedia</subfield></datafield><datafield ind1=" " ind2=" " tag="338"><subfield code="b">nc</subfield><subfield code="2">rdacarrier</subfield></datafield><datafield ind1="1" ind2=" " tag="490"><subfield code="a">Studies in philosophy</subfield><subfield code="v">9</subfield></datafield><datafield ind1=" " ind2="0" tag="650"><subfield code="a">Analysis (Philosophy)</subfield></datafield><datafield ind1=" " ind2="0" tag="650"><subfield code="a">Jungian psychology</subfield></datafield><datafield ind1=" " ind2="7" tag="650"><subfield code="a">Désir</subfield><subfield code="0">(IDREF)027231860</subfield><subfield code="2">idref</subfield></datafield><datafield ind1=" " ind2="7" tag="650"><subfield code="a">Raison pratique</subfield><subfield code="0">(IDREF)077060180</subfield><subfield code="2">idref</subfield></datafield><datafield ind1=" " ind2="7" tag="650"><subfield code="a">Philosophie de l'action</subfield><subfield code="0">(IDREF)027304051</subfield><subfield code="2">idref</subfield></datafield><datafield ind1=" " ind2="7" tag="650"><subfield code="a">Intentionnalité (philosophie)</subfield><subfield code="0">(IDREF)027458903</subfield><subfield code="2">idref</subfield></datafield><datafield ind1="2" ind2=" " tag="710"><subfield code="a">Lunds universitet</subfield><subfield code="g">Lund, Suède</subfield><subfield code="0">(IDREF)026459817</subfield></datafield><datafield ind1=" " ind2="0" tag="830"><subfield code="a">Studies in Philosophy</subfield><subfield code="p">Lund University Press</subfield><subfield code="v">9</subfield><subfield code="w">(RERO)1308028-41slsp</subfield></datafield><datafield ind1=" " ind2=" " tag="900"><subfield code="a">REROnoselfmerge</subfield></datafield><datafield ind1=" " ind2=" " tag="910"><subfield code="a">OCoLC</subfield><subfield code="b">20130319</subfield><subfield code="c">Droits réservés</subfield></datafield></record>
</metadata></record>