<record><header><identifier>oai:alma.41SLSP_UGE:991000052079705502</identifier><datestamp>2024-09-28T00:28:44Z</datestamp><setSpec>uge_bcen_RapidILL_BOOK</setSpec><setSpec>uge_aaca_RapidILL_BOOK</setSpec><setSpec>uge_abels_RapidILL_BOOK</setSpec><setSpec>uge_dbu_RapidILL_BOOK</setSpec><setSpec>uge_cmu_RapidILL_BOOK</setSpec><setSpec>uge_mail_RapidILL_BOOK</setSpec><setSpec>uge_abbat_RapidILL_BOOK</setSpec><setSpec>UNIGE_ALL</setSpec><setSpec>uge_aobs_RapidILL_BOOK</setSpec><setSpec>uge_acar_RapidILL_BOOK</setSpec></header><metadata>
<record xmlns="http://www.loc.gov/MARC21/slim" xmlns:xsi="http://www.w3.org/2001/XMLSchema-instance" xsi:schemaLocation="http://www.loc.gov/MARC21/slim http://www.loc.gov/standards/marcxml/schema/MARC21slim.xsd"><leader>03673nam a2200949 c 4500</leader><controlfield tag="001">991000052079705502</controlfield><controlfield tag="005">20240927122331.0</controlfield><controlfield tag="008">201011t20172017gw ||||| m    00| ||ger| </controlfield><datafield ind1=" " ind2=" " tag="015"><subfield code="a">16,N45</subfield><subfield code="2">dnb</subfield></datafield><datafield ind1="7" ind2=" " tag="016"><subfield code="a">1117232271</subfield><subfield code="2">DE-101</subfield></datafield><datafield ind1=" " ind2=" " tag="020"><subfield code="a">3867647194</subfield></datafield><datafield ind1=" " ind2=" " tag="020"><subfield code="z">9783739801544</subfield><subfield code="q">EPUB</subfield></datafield><datafield ind1=" " ind2=" " tag="020"><subfield code="z">9783739801551</subfield><subfield code="q">EPDF</subfield></datafield><datafield ind1=" " ind2=" " tag="020"><subfield code="a">9783867647199</subfield><subfield code="q">Print</subfield><subfield code="c">EUR 39.00 (DE), EUR 40.10 (AT)</subfield></datafield><datafield ind1="3" ind2=" " tag="024"><subfield code="a">9783867647199</subfield></datafield><datafield ind1=" " ind2=" " tag="035"><subfield code="a">(swissbib)212307177-41slsp_network</subfield></datafield><datafield ind1=" " ind2=" " tag="035"><subfield code="a">212307177</subfield><subfield code="9">ExL</subfield></datafield><datafield ind1=" " ind2=" " tag="035"><subfield code="a">(IDSLU)001271115ILU01</subfield></datafield><datafield ind1=" " ind2=" " tag="035"><subfield code="a">(IDSBB)006646120DSV01</subfield></datafield><datafield ind1=" " ind2=" " tag="035"><subfield code="a">(NEBIS)010780431EBI01</subfield></datafield><datafield ind1=" " ind2=" " tag="035"><subfield code="a">(RERO)R008551192-41slsp</subfield></datafield><datafield ind1=" " ind2=" " tag="035"><subfield code="a">(DE-599)DNB1117232271</subfield></datafield><datafield ind1=" " ind2=" " tag="035"><subfield code="a">(OCoLC)962374037</subfield></datafield><datafield ind1=" " ind2=" " tag="035"><subfield code="a">(ALEX)bv9925904987001791</subfield></datafield><datafield ind1=" " ind2=" " tag="035"><subfield code="a">(EXLNZ-41SLSP_NETWORK)991160785909705501</subfield></datafield><datafield ind1=" " ind2=" " tag="040"><subfield code="a">1245</subfield><subfield code="b">ger</subfield><subfield code="e">rda</subfield><subfield code="d">CH-ZuSLS</subfield></datafield><datafield ind1="0" ind2=" " tag="041"><subfield code="a">ger</subfield></datafield><datafield ind1=" " ind2=" " tag="044"><subfield code="c">XA-DE-BW</subfield></datafield><datafield ind1=" " ind2="7" tag="072"><subfield code="a">140</subfield><subfield code="2">IDS LU</subfield></datafield><datafield ind1=" " ind2="7" tag="072"><subfield code="a">807</subfield><subfield code="2">IDS LU</subfield></datafield><datafield ind1=" " ind2="7" tag="072"><subfield code="a">830</subfield><subfield code="2">IDS LU</subfield></datafield><datafield ind1=" " ind2="7" tag="072"><subfield code="a">sg</subfield><subfield code="2">SzZuIDS BS/BE</subfield></datafield><datafield ind1=" " ind2="7" tag="072"><subfield code="a">sz</subfield><subfield code="2">SzZuIDS BS/BE</subfield></datafield><datafield ind1=" " ind2="7" tag="072"><subfield code="a">ht</subfield><subfield code="2">rero</subfield></datafield><datafield ind1=" " ind2="7" tag="072"><subfield code="a">ss</subfield><subfield code="2">rero</subfield></datafield><datafield ind1="1" ind2="4" tag="082"><subfield code="a">900</subfield><subfield code="2">15</subfield></datafield><datafield ind1="1" ind2="4" tag="082"><subfield code="a">300</subfield><subfield code="2">15</subfield></datafield><datafield ind1="1" ind2="4" tag="082"><subfield code="a">949.4</subfield><subfield code="2">15</subfield></datafield><datafield ind1="1" ind2="4" tag="082"><subfield code="a">940</subfield><subfield code="8">1\p</subfield><subfield code="q">DE-101</subfield></datafield><datafield ind1=" " ind2=" " tag="084"><subfield code="a">940</subfield><subfield code="2">sdnb</subfield></datafield><datafield ind1=" " ind2=" " tag="084"><subfield code="a">MS 6380</subfield><subfield code="2">rvk</subfield></datafield><datafield ind1=" " ind2=" " tag="084"><subfield code="a">360</subfield><subfield code="2">sdnb</subfield></datafield><datafield ind1="1" ind2=" " tag="100"><subfield code="a">Cottier, Maurice</subfield><subfield code="d">1981-</subfield><subfield code="6">880-01</subfield><subfield code="0">(DE-588)1068873159</subfield><subfield code="e">Verfasser</subfield><subfield code="4">aut</subfield></datafield><datafield ind1="1" ind2=" " tag="880"><subfield code="6">100-01</subfield><subfield code="a">Cottier, Maurice</subfield><subfield code="c">historien</subfield><subfield code="0">(IDREF)238326667</subfield><subfield code="4">cre</subfield></datafield><datafield ind1="1" ind2="0" tag="245"><subfield code="a">Fatale Gewalt</subfield><subfield code="b">Ehre, Subjekt und Kriminalität am Übergang zur Moderne : das Beispiel Bern, 1868-1941</subfield><subfield code="c">Maurice Cottier</subfield></datafield><datafield ind1=" " ind2="1" tag="264"><subfield code="a">Konstanz</subfield><subfield code="a">München</subfield><subfield code="b">UVK Verlagsgesellschaft</subfield><subfield code="c">[2017]</subfield></datafield><datafield ind1=" " ind2="4" tag="264"><subfield code="c">© 2017</subfield></datafield><datafield ind1=" " ind2=" " tag="300"><subfield code="a">245 Seiten</subfield><subfield code="b">Diagramme</subfield><subfield code="c">22 cm x 14 cm</subfield></datafield><datafield ind1=" " ind2=" " tag="336"><subfield code="b">txt</subfield><subfield code="2">rdacontent</subfield></datafield><datafield ind1=" " ind2=" " tag="337"><subfield code="b">n</subfield><subfield code="2">rdamedia</subfield></datafield><datafield ind1=" " ind2=" " tag="338"><subfield code="b">nc</subfield><subfield code="2">rdacarrier</subfield></datafield><datafield ind1="1" ind2=" " tag="490"><subfield code="a">Konflikte und Kultur - Historische Perspektiven</subfield><subfield code="v">Band 31</subfield></datafield><datafield ind1=" " ind2=" " tag="502"><subfield code="g">Veränderte</subfield><subfield code="b">Dissertation</subfield><subfield code="c">Universität Bern</subfield><subfield code="d">2015</subfield></datafield><datafield ind1=" " ind2=" " tag="504"><subfield code="a">[Literatur, Quellen] : Seiten 230-245</subfield></datafield><datafield ind1=" " ind2="7" tag="648"><subfield code="a">Geschichte</subfield><subfield code="2">gnd</subfield></datafield><datafield ind1=" " ind2="7" tag="648"><subfield code="a">Geschichte 1868-1941</subfield><subfield code="2">gnd</subfield></datafield><datafield ind1=" " ind2="7" tag="650"><subfield code="a">Kriminalität</subfield><subfield code="0">(DE-588)4033178-7</subfield><subfield code="2">gnd</subfield></datafield><datafield ind1=" " ind2="7" tag="650"><subfield code="a">Gewalt</subfield><subfield code="0">(DE-588)4020832-1</subfield><subfield code="2">gnd</subfield></datafield><datafield ind1=" " ind2="7" tag="650"><subfield code="a">Ehre</subfield><subfield code="0">(DE-588)4130767-7</subfield><subfield code="2">gnd</subfield></datafield><datafield ind1=" " ind2="7" tag="650"><subfield code="a">Subjektivität</subfield><subfield code="0">(DE-588)4058323-5</subfield><subfield code="2">gnd</subfield></datafield><datafield ind1=" " ind2="7" tag="650"><subfield code="a">Wahrnehmung</subfield><subfield code="0">(DE-588)4064317-7</subfield><subfield code="2">gnd</subfield></datafield><datafield ind1=" " ind2="7" tag="650"><subfield code="a">Gewaltdelikt</subfield><subfield code="0">(DE-588)4157233-6</subfield><subfield code="2">gnd</subfield></datafield><datafield ind1=" " ind2="7" tag="650"><subfield code="a">Sexualdelikt</subfield><subfield code="0">(DE-588)4131408-6</subfield><subfield code="2">gnd</subfield></datafield><datafield ind1=" " ind2="7" tag="650"><subfield code="a">Violence</subfield><subfield code="0">(IDREF)027255891</subfield><subfield code="2">idref</subfield></datafield><datafield ind1=" " ind2="7" tag="650"><subfield code="a">Criminalité</subfield><subfield code="0">(IDREF)048655600</subfield><subfield code="2">idref</subfield></datafield><datafield ind1=" " ind2="7" tag="650"><subfield code="a">Violences sexuelles</subfield><subfield code="0">(IDREF)027343758</subfield><subfield code="2">idref</subfield></datafield><datafield ind1=" " ind2="7" tag="650"><subfield code="a">Honneur</subfield><subfield code="0">(IDREF)027458873</subfield><subfield code="2">idref</subfield></datafield><datafield ind1=" " ind2="7" tag="650"><subfield code="a">Subjectivité</subfield><subfield code="0">(IDREF)027411869</subfield><subfield code="2">idref</subfield></datafield><datafield ind1=" " ind2="7" tag="650"><subfield code="a">19e siècle (2e moitié)-20e siècle (1re moitié)</subfield><subfield code="0">(RERO)A023081431</subfield><subfield code="2">rero</subfield></datafield><datafield ind1=" " ind2="7" tag="651"><subfield code="a">Bern</subfield><subfield code="0">(DE-588)4005762-8</subfield><subfield code="2">gnd</subfield></datafield><datafield ind1=" " ind2="7" tag="651"><subfield code="a">Berne (Suisse)</subfield><subfield code="0">(IDREF)027369714</subfield><subfield code="2">idref</subfield></datafield><datafield ind1=" " ind2="7" tag="655"><subfield code="a">Hochschulschrift</subfield><subfield code="2">gnd-content</subfield></datafield><datafield ind1=" " ind2=" " tag="691"><subfield code="e">PC 90.0 CH-BE</subfield><subfield code="2">rzs-L1</subfield></datafield><datafield ind1=" " ind2=" " tag="691"><subfield code="e">2.7.6.2 Bern (Stadt)</subfield><subfield code="2">ube-GA</subfield></datafield><datafield ind1=" " ind2=" " tag="830"><subfield code="a">Konflikte und Kultur - Historische Perspektiven</subfield><subfield code="v">31</subfield><subfield code="w">(IDSLU)000191410ILU01</subfield></datafield><datafield ind1=" " ind2=" " tag="830"><subfield code="a">Konflikte und Kultur - Historische Perspektiven</subfield><subfield code="v">31</subfield><subfield code="w">(NEBIS)003930352EBI01</subfield></datafield><datafield ind1=" " ind2="0" tag="830"><subfield code="a">Konflikte und Kultur</subfield><subfield code="v">31</subfield><subfield code="w">(ALEX)bv9925906905101791</subfield></datafield><datafield ind1="4" ind2=" " tag="856"><subfield code="3">Titelblatt und Inhaltsverzeichnis</subfield><subfield code="u">https://toc.library.ethz.ch/objects/pdf03/z01_978-3-86764-719-9_01.pdf</subfield><subfield code="q">pdf</subfield></datafield><datafield ind1=" " ind2=" " tag="900"><subfield code="a">IDSDSStoppsignal FRED</subfield></datafield><datafield ind1=" " ind2=" " tag="900"><subfield code="a">IDSZ2rwimon201705l</subfield><subfield code="c">IDSZ2rosi</subfield><subfield code="d">IDSZ2rwiswk201705g</subfield><subfield code="e">IDSZ2berna</subfield></datafield><datafield ind1=" " ind2=" " tag="900"><subfield code="a">IDSZ2zbzmon201702l</subfield><subfield code="c">IDSZ2tobt</subfield><subfield code="d">IDSZ2zbzswk201705g</subfield><subfield code="e">IDSZ2erbe</subfield></datafield><datafield ind1=" " ind2=" " tag="900"><subfield code="a">REROnoselfmerge</subfield></datafield><datafield ind1=" " ind2=" " tag="949"><subfield code="a">https://toc.library.ethz.ch/objects/pdf03/z01_978-3-86764-719-9_01.pdf</subfield></datafield></record>
</metadata></record>