<record><header><identifier>oai:alma.41SLSP_UGE:991000019609705502</identifier><datestamp>2023-03-01T01:08:52Z</datestamp><setSpec>UNIGE_ALL</setSpec></header><metadata>
<record xmlns="http://www.loc.gov/MARC21/slim" xmlns:xsi="http://www.w3.org/2001/XMLSchema-instance" xsi:schemaLocation="http://www.loc.gov/MARC21/slim http://www.loc.gov/standards/marcxml/schema/MARC21slim.xsd"><leader>00855nim a2200241 c 4500</leader><controlfield tag="001">991000019609705502</controlfield><controlfield tag="005">20201227134216.0</controlfield><controlfield tag="007">ss |||||||||||</controlfield><controlfield tag="008">980702nuuuuuuuuja ||n |            jpn d</controlfield><datafield ind1=" " ind2=" " tag="035"><subfield code="a">(swissbib)093390866-41slsp_network</subfield></datafield><datafield ind1=" " ind2=" " tag="035"><subfield code="a">093390866</subfield><subfield code="9">ExL</subfield></datafield><datafield ind1=" " ind2=" " tag="035"><subfield code="a">(RERO)R232460660-41slsp</subfield></datafield><datafield ind1=" " ind2=" " tag="035"><subfield code="a">(EXLNZ-41SLSP_NETWORK)991047950799705501</subfield></datafield><datafield ind1=" " ind2=" " tag="040"><subfield code="a">RERO geumed</subfield><subfield code="d">CH-ZuSLS</subfield></datafield><datafield ind1=" " ind2="7" tag="072"><subfield code="a">or</subfield><subfield code="2">rero</subfield></datafield><datafield ind1="1" ind2=" " tag="100"><subfield code="a">Hagiwara, Sakutarō</subfield><subfield code="d">1886-1942</subfield><subfield code="0">(IDREF)050141260</subfield><subfield code="4">cre</subfield></datafield><datafield ind1="1" ind2="0" tag="245"><subfield code="a">Hagiwara Sakutarō shishū</subfield><subfield code="c">éd. et commenté par Itō</subfield></datafield><datafield ind1=" " ind2="1" tag="264"><subfield code="a">Tōkyō</subfield><subfield code="b">Aporon ongaku kōgyōkabushikikaisha [prod.]</subfield><subfield code="c">[date de publication non identifiée]</subfield></datafield><datafield ind1=" " ind2=" " tag="300"><subfield code="a">1 cassette sonore (50 min.)</subfield></datafield><datafield ind1=" " ind2=" " tag="336"><subfield code="b">spw</subfield><subfield code="2">rdacontent</subfield></datafield><datafield ind1=" " ind2=" " tag="337"><subfield code="b">s</subfield><subfield code="2">rdamedia</subfield></datafield><datafield ind1=" " ind2=" " tag="338"><subfield code="b">ss</subfield><subfield code="2">rdacarrier</subfield></datafield><datafield ind1="0" ind2=" " tag="700"><subfield code="a">Itō</subfield><subfield code="0">(RERO)A003414075</subfield></datafield><datafield ind1=" " ind2=" " tag="900"><subfield code="a">REROnoselfmerge</subfield></datafield></record>
</metadata></record>