<record><header><identifier>oai:alma.41SLSP_UGE:991000019709705502</identifier><datestamp>2023-11-10T05:46:09Z</datestamp><setSpec>uge_cmu_RapidILL_JOURNAL</setSpec><setSpec>uge_aobs_RapidILL_JOURNAL</setSpec><setSpec>uge_aaca_RapidILL_JOURNAL</setSpec><setSpec>uge_bcen_RapidILL_JOURNAL</setSpec><setSpec>uge_abbat_RapidILL_JOURNAL</setSpec><setSpec>uge_dbu_RapidILL_JOURNAL</setSpec><setSpec>uge_mail_RapidILL_JOURNAL</setSpec><setSpec>uge_abels_RapidILL_JOURNAL</setSpec><setSpec>UNIGE_ALL</setSpec><setSpec>uge_acar_RapidILL_JOURNAL</setSpec></header><metadata>
<record xmlns="http://www.loc.gov/MARC21/slim" xmlns:xsi="http://www.w3.org/2001/XMLSchema-instance" xsi:schemaLocation="http://www.loc.gov/MARC21/slim http://www.loc.gov/standards/marcxml/schema/MARC21slim.xsd"><leader>01985nas a2200361 c 4500</leader><controlfield tag="001">991000019709705502</controlfield><controlfield tag="005">20231109161456.0</controlfield><controlfield tag="008">000714d19782010sz || p|  ||| 0    0ger d</controlfield><datafield ind1=" " ind2=" " tag="035"><subfield code="a">(swissbib)079493610-41slsp_network</subfield></datafield><datafield ind1=" " ind2=" " tag="035"><subfield code="a">079493610</subfield><subfield code="9">ExL</subfield></datafield><datafield ind1=" " ind2=" " tag="035"><subfield code="a">(RERO)0524683-41slsp</subfield></datafield><datafield ind1=" " ind2=" " tag="035"><subfield code="a">(EXLNZ-41SLSP_NETWORK)991023282049705501</subfield></datafield><datafield ind1=" " ind2=" " tag="040"><subfield code="a">RERO</subfield><subfield code="d">CH-ZuSLS</subfield></datafield><datafield ind1="0" ind2=" " tag="041"><subfield code="a">ger</subfield><subfield code="a">fre</subfield><subfield code="a">ita</subfield></datafield><datafield ind1=" " ind2="7" tag="072"><subfield code="a">st</subfield><subfield code="2">rero</subfield></datafield><datafield ind1="0" ind2="0" tag="245"><subfield code="a">Hydrologisches Jahrbuch der Schweiz</subfield><subfield code="c">Eidgenössisches Departement des Innern, Bundesamt für Umweltschutz ; [hrsg. von der Landeshydrologie] = Annuaire hydrologique de la Suisse / Département fédéral de l'intérieur, Office fédéral de la protection de l'environnement ; [publ. par le Service hydrologique national] = Annuario idrologico della Svizzera / Dipartimento federale dell'interno, Ufficio federale per la protezione dell'ambiente ; [pubbl. dal Servizio idrologico nazionale]</subfield></datafield><datafield ind1="1" ind2=" " tag="246"><subfield code="a">Annuaire hydrologique de la Suisse</subfield></datafield><datafield ind1="1" ind2=" " tag="246"><subfield code="a">Annuario idrologico della Svizzera</subfield></datafield><datafield ind1=" " ind2="1" tag="264"><subfield code="a">Bern</subfield><subfield code="b">EDMZ</subfield></datafield><datafield ind1=" " ind2=" " tag="336"><subfield code="b">txt</subfield><subfield code="2">rdacontent</subfield></datafield><datafield ind1=" " ind2=" " tag="337"><subfield code="b">n</subfield><subfield code="2">rdamedia</subfield></datafield><datafield ind1=" " ind2=" " tag="338"><subfield code="b">nc</subfield><subfield code="2">rdacarrier</subfield></datafield><datafield ind1="0" ind2=" " tag="362"><subfield code="a">1978-2010.</subfield></datafield><datafield ind1=" " ind2=" " tag="580"><subfield code="a">Fait suite à: Hydrographisches Jahrbuch der Schweiz</subfield></datafield><datafield ind1=" " ind2=" " tag="580"><subfield code="a">Se scinde en: Hydrographisches Jahrbuch der Schweiz ; et en: Annuaire hydrologique de la Suisse ; et en: Annuario idrologico della Svizzera</subfield></datafield><datafield ind1=" " ind2="7" tag="650"><subfield code="a">Hydrologie</subfield><subfield code="0">(IDREF)027484629</subfield><subfield code="2">idref</subfield></datafield><datafield ind1=" " ind2="7" tag="651"><subfield code="a">Suisse</subfield><subfield code="0">(IDREF)027249654</subfield><subfield code="2">idref</subfield></datafield><datafield ind1=" " ind2="7" tag="655"><subfield code="a">Périodiques</subfield><subfield code="0">(IDREF)02724640X</subfield><subfield code="2">idref</subfield></datafield><datafield ind1="1" ind2=" " tag="710"><subfield code="a">Suisse</subfield><subfield code="b">Service hydrologique et géologique national</subfield><subfield code="0">(IDREF)11677990X</subfield><subfield code="4">isb</subfield></datafield><datafield ind1="0" ind2="0" tag="785"><subfield code="t">Hydrographisches Jahrbuch der Schweiz</subfield></datafield><datafield ind1="0" ind2="0" tag="785"><subfield code="t">Annuario idrologico della Svizzera</subfield></datafield><datafield ind1="0" ind2="0" tag="785"><subfield code="t">Annuaire hydrologique de la Suisse : débit, niveau et qualité des eaux suisses</subfield><subfield code="w">(RERO)R007900207-41slsp</subfield></datafield><datafield ind1="0" ind2="0" tag="780"><subfield code="t">Hydrographisches Jahrbuch der Schweiz = Annuaire hydrographique de la Suisse = Annuario idrografico della Svizzera</subfield><subfield code="w">(RERO)0111316-41slsp</subfield></datafield><datafield ind1=" " ind2=" " tag="900"><subfield code="a">REROnoselfmerge</subfield></datafield></record>
</metadata></record>