<record><header><identifier>oai:alma.41SLSP_UGE:991000002409705502</identifier><datestamp>2023-04-09T00:51:17Z</datestamp><setSpec>uge_bcen_RapidILL_BOOK</setSpec><setSpec>uge_aaca_RapidILL_BOOK</setSpec><setSpec>uge_abels_RapidILL_BOOK</setSpec><setSpec>uge_dbu_RapidILL_BOOK</setSpec><setSpec>uge_cmu_RapidILL_BOOK</setSpec><setSpec>uge_mail_RapidILL_BOOK</setSpec><setSpec>uge_abbat_RapidILL_BOOK</setSpec><setSpec>UNIGE_ALL</setSpec><setSpec>uge_acar_RapidILL_BOOK</setSpec><setSpec>uge_aobs_RapidILL_BOOK</setSpec></header><metadata>
<record xmlns="http://www.loc.gov/MARC21/slim" xmlns:xsi="http://www.w3.org/2001/XMLSchema-instance" xsi:schemaLocation="http://www.loc.gov/MARC21/slim http://www.loc.gov/standards/marcxml/schema/MARC21slim.xsd"><leader>01327nam a2200385 c 4500</leader><controlfield tag="001">991000002409705502</controlfield><controlfield tag="005">20230408205048.0</controlfield><controlfield tag="008">201011s1963    xxu||||| |||| 00| ||eng d</controlfield><datafield ind1=" " ind2=" " tag="035"><subfield code="a">(swissbib)212173588-41slsp_network</subfield></datafield><datafield ind1=" " ind2=" " tag="035"><subfield code="a">212173588</subfield><subfield code="9">ExL</subfield></datafield><datafield ind1=" " ind2=" " tag="035"><subfield code="a">(RERO)0809752-41slsp</subfield></datafield><datafield ind1=" " ind2=" " tag="035"><subfield code="a">(IDSBB)000410877DSV01</subfield></datafield><datafield ind1=" " ind2=" " tag="035"><subfield code="a">(EXLNZ-41SLSP_NETWORK)991142949219705501</subfield></datafield><datafield ind1=" " ind2=" " tag="040"><subfield code="a">RERO labcud</subfield><subfield code="d">CH-ZuSLS</subfield></datafield><datafield ind1="1" ind2=" " tag="041"><subfield code="a">eng</subfield><subfield code="h">amh</subfield></datafield><datafield ind1=" " ind2="7" tag="072"><subfield code="a">th</subfield><subfield code="2">rero</subfield></datafield><datafield ind1=" " ind2="7" tag="072"><subfield code="a">pp</subfield><subfield code="2">SzZuIDS BS/BE</subfield></datafield><datafield ind1="0" ind2="0" tag="245"><subfield code="a">Falasha anthology</subfield><subfield code="c">transl. from Ethiopic sources with an introd. by Wolf Leslau</subfield></datafield><datafield ind1=" " ind2=" " tag="250"><subfield code="a">3rd printing</subfield></datafield><datafield ind1=" " ind2="1" tag="264"><subfield code="a">New Haven</subfield><subfield code="a">London</subfield><subfield code="b">Yale university press</subfield><subfield code="c">1963</subfield></datafield><datafield ind1=" " ind2=" " tag="300"><subfield code="a">XLIII, 222 p.</subfield><subfield code="b">ill.</subfield><subfield code="c">22 cm</subfield></datafield><datafield ind1=" " ind2=" " tag="336"><subfield code="b">txt</subfield><subfield code="2">rdacontent</subfield></datafield><datafield ind1=" " ind2=" " tag="337"><subfield code="b">n</subfield><subfield code="2">rdamedia</subfield></datafield><datafield ind1=" " ind2=" " tag="338"><subfield code="b">nc</subfield><subfield code="2">rdacarrier</subfield></datafield><datafield ind1="1" ind2=" " tag="490"><subfield code="a">Yale judaica series</subfield><subfield code="v">vol. 6</subfield></datafield><datafield ind1=" " ind2=" " tag="500"><subfield code="a">Texte nur in engl. Uebersetzung</subfield></datafield><datafield ind1="4" ind2=" " tag="510"><subfield code="a">Reviews in anthropology (Hawaii) ; (1991) 20, p. 25-33 (William A. Shack)</subfield></datafield><datafield ind1=" " ind2="7" tag="650"><subfield code="a">Falashas</subfield><subfield code="0">(IDREF)027582027</subfield><subfield code="2">idref</subfield></datafield><datafield ind1=" " ind2="4" tag="650"><subfield code="a">Falascha</subfield></datafield><datafield ind1=" " ind2="4" tag="650"><subfield code="a">Religiöse Literatur</subfield></datafield><datafield ind1=" " ind2="7" tag="655"><subfield code="a">Anthologies</subfield><subfield code="0">(IDREF)027269493</subfield><subfield code="2">idref</subfield></datafield><datafield ind1=" " ind2="4" tag="655"><subfield code="a">Anthologie</subfield></datafield><datafield ind1="1" ind2=" " tag="700"><subfield code="a">Leslau, Wolf</subfield><subfield code="d">1906-2006</subfield><subfield code="0">(IDREF)028441680</subfield></datafield><datafield ind1=" " ind2=" " tag="830"><subfield code="a">Yale Judaica series</subfield><subfield code="v">6</subfield><subfield code="w">(RERO)0648748-41slsp</subfield></datafield><datafield ind1=" " ind2=" " tag="830"><subfield code="a">Yale Judaica series</subfield><subfield code="v">6</subfield><subfield code="w">(IDSBB)000099244DSV01</subfield></datafield><datafield ind1=" " ind2=" " tag="900"><subfield code="a">REROnoselfmerge</subfield></datafield></record>
</metadata></record>