<record><header><identifier>oai:alma.41SLSP_UGE:991000002929705502</identifier><datestamp>2024-04-05T00:24:03Z</datestamp><setSpec>uge_bcen_RapidILL_BOOK</setSpec><setSpec>uge_aaca_RapidILL_BOOK</setSpec><setSpec>uge_abels_RapidILL_BOOK</setSpec><setSpec>uge_dbu_RapidILL_BOOK</setSpec><setSpec>uge_cmu_RapidILL_BOOK</setSpec><setSpec>uge_mail_RapidILL_BOOK</setSpec><setSpec>uge_abbat_RapidILL_BOOK</setSpec><setSpec>UNIGE_ALL</setSpec><setSpec>uge_aobs_RapidILL_BOOK</setSpec><setSpec>uge_acar_RapidILL_BOOK</setSpec></header><metadata>
<record xmlns="http://www.loc.gov/MARC21/slim" xmlns:xsi="http://www.w3.org/2001/XMLSchema-instance" xsi:schemaLocation="http://www.loc.gov/MARC21/slim http://www.loc.gov/standards/marcxml/schema/MARC21slim.xsd"><leader>04144nam a2200673 c 4500</leader><controlfield tag="001">991000002929705502</controlfield><controlfield tag="005">20240404163159.0</controlfield><controlfield tag="008">201012s1997    be ||||| |||| 10| ||fre d</controlfield><datafield ind1=" " ind2=" " tag="019"><subfield code="a">Notices analytiques !</subfield><subfield code="5">RERO/geheid/01.2010</subfield></datafield><datafield ind1=" " ind2=" " tag="020"><subfield code="a">2802710613</subfield><subfield code="q">Bruylant</subfield></datafield><datafield ind1=" " ind2=" " tag="020"><subfield code="a">2800411848</subfield><subfield code="q">Univ. Bruxelles</subfield></datafield><datafield ind1=" " ind2=" " tag="035"><subfield code="a">(swissbib)238127168-41slsp_network</subfield></datafield><datafield ind1=" " ind2=" " tag="035"><subfield code="a">238127168</subfield><subfield code="9">ExL</subfield></datafield><datafield ind1=" " ind2=" " tag="035"><subfield code="a">(RERO)R237964560-41slsp</subfield></datafield><datafield ind1=" " ind2=" " tag="035"><subfield code="a">(IDSSG)000339132HSB01</subfield></datafield><datafield ind1=" " ind2=" " tag="035"><subfield code="a">(NEBIS)001974107EBI01</subfield></datafield><datafield ind1=" " ind2=" " tag="035"><subfield code="a">(EXLNZ-41SLSP_NETWORK)991149580019705501</subfield></datafield><datafield ind1=" " ind2=" " tag="040"><subfield code="a">RERO frbcuc</subfield><subfield code="d">CH-ZuSLS</subfield></datafield><datafield ind1="0" ind2=" " tag="041"><subfield code="a">fre</subfield><subfield code="a">eng</subfield></datafield><datafield ind1=" " ind2="7" tag="072"><subfield code="a">dr</subfield><subfield code="2">rero</subfield></datafield><datafield ind1="7" ind2="4" tag="082"><subfield code="a">340</subfield><subfield code="2">23sdnb</subfield></datafield><datafield ind1=" " ind2=" " tag="084"><subfield code="a">CA/CE 32.2 e</subfield><subfield code="2">cjurrom</subfield></datafield><datafield ind1="0" ind2="0" tag="245"><subfield code="a">&lt;&lt;L'&gt;&gt;Union européenne et les organisations internationales</subfield><subfield code="c">Réseau Vitoria ; sous la dir. de Daniel Dormoy</subfield></datafield><datafield ind1=" " ind2="1" tag="264"><subfield code="a">Bruxelles</subfield><subfield code="b">E. Bruylant [etc.]</subfield><subfield code="c">1997</subfield></datafield><datafield ind1=" " ind2=" " tag="300"><subfield code="a">460 p.</subfield><subfield code="c">24 cm</subfield></datafield><datafield ind1=" " ind2=" " tag="336"><subfield code="b">txt</subfield><subfield code="2">rdacontent</subfield></datafield><datafield ind1=" " ind2=" " tag="337"><subfield code="b">n</subfield><subfield code="2">rdamedia</subfield></datafield><datafield ind1=" " ind2=" " tag="338"><subfield code="b">nc</subfield><subfield code="2">rdacarrier</subfield></datafield><datafield ind1="1" ind2=" " tag="490"><subfield code="a">Collection de droit international</subfield><subfield code="v">33</subfield></datafield><datafield ind1=" " ind2=" " tag="500"><subfield code="a">Ouvrage réalisé à partir des actes du symposium international organisé par le CECA 92, Centre de recherche de l'Université de Paris-Sud (Faculté Jean Monnet) les 16 et 17 octobre 1995 à Orsay, Université de Paris-Sud, et les 26 et 27 octobre au Palais des Nations à Genève</subfield></datafield><datafield ind1="2" ind2="7" tag="610"><subfield code="a">Union européenne</subfield><subfield code="0">(IDREF)032486324</subfield><subfield code="2">idref</subfield></datafield><datafield ind1="2" ind2="7" tag="610"><subfield code="a">Vereinte Nationen</subfield><subfield code="0">(DE-588)333-5</subfield><subfield code="2">gnd</subfield></datafield><datafield ind1="2" ind2="7" tag="610"><subfield code="a">Europäische Union</subfield><subfield code="0">(DE-588)5098525-5</subfield><subfield code="2">gnd</subfield></datafield><datafield ind1="2" ind2="7" tag="610"><subfield code="a">Europäische Union</subfield><subfield code="2">idszbz</subfield></datafield><datafield ind1=" " ind2="7" tag="650"><subfield code="a">Völkerrecht</subfield><subfield code="9">ger</subfield><subfield code="0">(RERO)jurivoc000025544ger</subfield><subfield code="2">jurivoc</subfield></datafield><datafield ind1=" " ind2="7" tag="650"><subfield code="a">EU</subfield><subfield code="9">ger</subfield><subfield code="0">(RERO)jurivoc000007616ger</subfield><subfield code="2">jurivoc</subfield></datafield><datafield ind1=" " ind2="7" tag="650"><subfield code="a">Organisations internationales</subfield><subfield code="0">(IDREF)027356191</subfield><subfield code="2">idref</subfield></datafield><datafield ind1=" " ind2="7" tag="650"><subfield code="a">Droit</subfield><subfield code="0">(IDREF)027466868</subfield><subfield code="2">idref</subfield></datafield><datafield ind1=" " ind2="7" tag="650"><subfield code="a">Internationale Organisation</subfield><subfield code="0">(DE-588)4027366-0</subfield><subfield code="2">gnd</subfield></datafield><datafield ind1=" " ind2="7" tag="650"><subfield code="a">Außenpolitik</subfield><subfield code="2">idszbz</subfield></datafield><datafield ind1=" " ind2="7" tag="650"><subfield code="a">Internationale Organisation</subfield><subfield code="2">idszbz</subfield></datafield><datafield ind1=" " ind2="7" tag="655"><subfield code="a">Actes de congrès</subfield><subfield code="0">(IDREF)02886431X</subfield><subfield code="2">idref</subfield></datafield><datafield ind1=" " ind2="7" tag="655"><subfield code="a">Aufsatzsammlung</subfield><subfield code="2">gnd-content</subfield></datafield><datafield ind1=" " ind2="7" tag="655"><subfield code="a">Konferenzschrift</subfield><subfield code="z">Genf</subfield><subfield code="y">1995</subfield><subfield code="2">gnd-content</subfield></datafield><datafield ind1=" " ind2="7" tag="655"><subfield code="a">Konferenzschrift</subfield><subfield code="z">Paris</subfield><subfield code="y">1995</subfield><subfield code="2">gnd-content</subfield></datafield><datafield ind1=" " ind2="7" tag="655"><subfield code="a">Konferenzschrift</subfield><subfield code="z">Genève</subfield><subfield code="y">1995</subfield><subfield code="2">gnd-content</subfield></datafield><datafield ind1=" " ind2=" " tag="690"><subfield code="a">internationale Organisation; Gemeinschaft; internationale Sicherheit; Menschenrechte; Beziehung; Verteidigung; Kommission; Frieden; Rechtsordnung; Schutz; gesetzliche Regelung; Aktivität; Beteiligung; Integration; Kommunikation; Sammlung; Abkommen; Konvention; Weltraumagentur</subfield><subfield code="2">idssg-J</subfield></datafield><datafield ind1=" " ind2=" " tag="690"><subfield code="a">Wirtschaftskommission; Gemeinschaftsrechtsordnung; Weltraumkommunikation; Verwaltungsabkommen; Organisationskonzept; Ostland</subfield><subfield code="2">idssg-J</subfield></datafield><datafield ind1=" " ind2=" " tag="690"><subfield code="a">regionaler Titel; allgemeiner Ansatz; allgemeines Konzept; erster Titel; europäisch IIAEA; europäische Aktivität; europäische Gemeinschaft; europäische Konvention; europäische Organisation; europäische Union; europäische Weltraumagentur; regionale Organisation; vereinte Nation; wirtschaftliche Aktivität; wirtschaftliche Integration; zweiter Teil</subfield><subfield code="2">idssg-J</subfield></datafield><datafield ind1=" " ind2=" " tag="690"><subfield code="a">EU C4EU; Vereinte Nationen C00WOR; Europa C4E; Spanien C4EUSP; Welt C00WOR</subfield><subfield code="2">idssg-J</subfield></datafield><datafield ind1=" " ind2=" " tag="690"><subfield code="a">Chapter One; Daniel DORMOY Bruylant Editions; DORMOY Bruylant Editions; Editor DANIEL DORMOY Bruylant Editions Ausgaben; europäisch Konvention Menschenrechte; Montego Bay Convention; rat Europa; Titel Sicherheit Verteidigung; vereint Nationen Aktion; vereint Nationen Mitteilung</subfield><subfield code="2">idssg-J</subfield></datafield><datafield ind1="1" ind2=" " tag="700"><subfield code="a">Dormoy, Daniel</subfield><subfield code="c">juriste</subfield><subfield code="d">1946-....</subfield><subfield code="0">(IDREF)028805925</subfield></datafield><datafield ind1="2" ind2=" " tag="710"><subfield code="a">Université de Paris 11</subfield><subfield code="b">Faculté de droit Jean-Monnet</subfield><subfield code="b">Symposium</subfield><subfield code="d">1995</subfield><subfield code="c">Orsay / Genève</subfield><subfield code="0">(RERO)A017974205</subfield></datafield><datafield ind1="2" ind2=" " tag="710"><subfield code="6">880-04</subfield><subfield code="a">Réseau Vitoria</subfield><subfield code="g">France</subfield><subfield code="0">(IDREF)035548665</subfield></datafield><datafield ind1="2" ind2=" " tag="880"><subfield code="a">Réseau Vitoria</subfield><subfield code="0">(DE-588)5518154-5</subfield><subfield code="6">710-04</subfield></datafield><datafield ind1="4" ind2=" " tag="856"><subfield code="u">https://tools.unisg.ch/url/hm00155985</subfield><subfield code="z">Inhaltsverzeichnis</subfield></datafield><datafield ind1=" " ind2="0" tag="830"><subfield code="a">Collection de droit international</subfield><subfield code="p">Bruylant</subfield><subfield code="v">33</subfield><subfield code="w">(RERO)0406593-41slsp</subfield></datafield><datafield ind1=" " ind2="0" tag="830"><subfield code="a">Collection de droit international &lt;Université de Bruxelles&gt;</subfield><subfield code="v">33</subfield><subfield code="w">(IDSSG)000122953HSB01</subfield></datafield><datafield ind1=" " ind2="0" tag="830"><subfield code="a">Collection de droit international</subfield><subfield code="v">33</subfield><subfield code="w">(NEBIS)001474799EBI01</subfield></datafield><datafield ind1=" " ind2=" " tag="949"><subfield code="a">https://tools.unisg.ch/url/hm00155985</subfield></datafield><datafield ind1=" " ind2=" " tag="961"><subfield code="2">gsi</subfield><subfield code="a">341.1</subfield><subfield code="9">LOCAL</subfield></datafield></record>
</metadata></record>