<record><header><identifier>oai:alma.41SLSP_UGE:991000020329705502</identifier><datestamp>2023-03-01T01:08:52Z</datestamp><setSpec>uge_bcen_RapidILL_BOOK</setSpec><setSpec>uge_aaca_RapidILL_BOOK</setSpec><setSpec>uge_abels_RapidILL_BOOK</setSpec><setSpec>uge_dbu_RapidILL_BOOK</setSpec><setSpec>uge_cmu_RapidILL_BOOK</setSpec><setSpec>uge_mail_RapidILL_BOOK</setSpec><setSpec>UNIGE_ALL</setSpec><setSpec>uge_abbat_RapidILL_BOOK</setSpec><setSpec>uge_aobs_RapidILL_BOOK</setSpec><setSpec>uge_acar_RapidILL_BOOK</setSpec></header><metadata>
<record xmlns="http://www.loc.gov/MARC21/slim" xmlns:xsi="http://www.w3.org/2001/XMLSchema-instance" xsi:schemaLocation="http://www.loc.gov/MARC21/slim http://www.loc.gov/standards/marcxml/schema/MARC21slim.xsd"><leader>01430nam a2200373 c 4500</leader><controlfield tag="001">991000020329705502</controlfield><controlfield tag="005">20201231115104.0</controlfield><controlfield tag="008">201011s1964    xxu||||| |||| 00| ||eng d</controlfield><datafield ind1=" " ind2=" " tag="019"><subfield code="a">SPI Retro 766345</subfield></datafield><datafield ind1=" " ind2=" " tag="035"><subfield code="a">(swissbib)23217797X-41slsp_network</subfield></datafield><datafield ind1=" " ind2=" " tag="035"><subfield code="a">23217797X</subfield><subfield code="9">ExL</subfield></datafield><datafield ind1=" " ind2=" " tag="035"><subfield code="a">(RERO)R239000460-41slsp</subfield></datafield><datafield ind1=" " ind2=" " tag="035"><subfield code="a">(NEBIS)002402951EBI01</subfield></datafield><datafield ind1=" " ind2=" " tag="035"><subfield code="a">(EXLNZ-41SLSP_NETWORK)991100463149705501</subfield></datafield><datafield ind1=" " ind2=" " tag="040"><subfield code="a">RERO geulan</subfield><subfield code="d">CH-ZuSLS</subfield></datafield><datafield ind1=" " ind2="7" tag="072"><subfield code="a">an</subfield><subfield code="2">rero</subfield></datafield><datafield ind1="1" ind2=" " tag="100"><subfield code="6">880-01</subfield><subfield code="a">Shakespeare, William</subfield><subfield code="d">1564-1616</subfield><subfield code="0">(IDREF)027136086</subfield><subfield code="4">cre</subfield></datafield><datafield ind1="1" ind2=" " tag="880"><subfield code="a">Shakespeare, William</subfield><subfield code="d">1564-1616</subfield><subfield code="0">(DE-588)118613723</subfield><subfield code="6">100-01</subfield></datafield><datafield ind1="1" ind2="0" tag="245"><subfield code="a">&lt;&lt;The&gt;&gt; tragedy of Titus Andronicus</subfield><subfield code="c">William Shakespeare ; ed. by Sylvan Barnet</subfield></datafield><datafield ind1=" " ind2="1" tag="264"><subfield code="a">New York</subfield><subfield code="a">Scarborough</subfield><subfield code="b">New American Library</subfield><subfield code="a">London</subfield><subfield code="b">New English Library</subfield><subfield code="c">[1964]</subfield></datafield><datafield ind1=" " ind2="4" tag="264"><subfield code="c">© 1964</subfield></datafield><datafield ind1=" " ind2=" " tag="300"><subfield code="a">XXXIV, 181 p.</subfield><subfield code="c">18 cm</subfield></datafield><datafield ind1=" " ind2=" " tag="336"><subfield code="b">txt</subfield><subfield code="2">rdacontent</subfield></datafield><datafield ind1=" " ind2=" " tag="337"><subfield code="b">n</subfield><subfield code="2">rdamedia</subfield></datafield><datafield ind1=" " ind2=" " tag="338"><subfield code="b">nc</subfield><subfield code="2">rdacarrier</subfield></datafield><datafield ind1="1" ind2=" " tag="490"><subfield code="a">The Signet classic Shakespeare</subfield></datafield><datafield ind1="1" ind2=" " tag="490"><subfield code="a">A Signet classic</subfield><subfield code="v">CD 197</subfield></datafield><datafield ind1="1" ind2=" " tag="490"><subfield code="a">Signet classic Shakespeare series</subfield><subfield code="v">197</subfield></datafield><datafield ind1="1" ind2=" " tag="700"><subfield code="a">Barnet, Sylvan</subfield><subfield code="0">(RERO)A002970377</subfield></datafield><datafield ind1="1" ind2="2" tag="700"><subfield code="a">Shakespeare, William</subfield><subfield code="d">1564-1616</subfield><subfield code="t">Titus Andronicus</subfield></datafield><datafield ind1=" " ind2=" " tag="830"><subfield code="a">&lt;&lt;The&gt;&gt; Signet classic Shakespeare</subfield><subfield code="w">(RERO)0470362-41slsp</subfield></datafield><datafield ind1=" " ind2=" " tag="830"><subfield code="a">Signet classic Shakespeare series</subfield><subfield code="v">197</subfield><subfield code="w">(NEBIS)004410767EBI01</subfield></datafield><datafield ind1=" " ind2=" " tag="830"><subfield code="a">&lt;&lt;A&gt;&gt; Signet classic</subfield><subfield code="v">197</subfield><subfield code="w">(RERO)0735735-41slsp</subfield></datafield><datafield ind1=" " ind2=" " tag="900"><subfield code="a">REROnoselfmerge</subfield></datafield><datafield ind1=" " ind2=" " tag="900"><subfield code="a">IDSERSPIdummy</subfield></datafield></record>
</metadata></record>