<record><header><identifier>oai:alma.41SLSP_UGE:991000019809705502</identifier><datestamp>2023-03-01T01:08:52Z</datestamp><setSpec>uge_bcen_RapidILL_BOOK</setSpec><setSpec>uge_aaca_RapidILL_BOOK</setSpec><setSpec>uge_abels_RapidILL_BOOK</setSpec><setSpec>uge_dbu_RapidILL_BOOK</setSpec><setSpec>uge_cmu_RapidILL_BOOK</setSpec><setSpec>uge_mail_RapidILL_BOOK</setSpec><setSpec>UNIGE_ALL</setSpec><setSpec>uge_abbat_RapidILL_BOOK</setSpec><setSpec>uge_aobs_RapidILL_BOOK</setSpec><setSpec>uge_acar_RapidILL_BOOK</setSpec></header><metadata>
<record xmlns="http://www.loc.gov/MARC21/slim" xmlns:xsi="http://www.w3.org/2001/XMLSchema-instance" xsi:schemaLocation="http://www.loc.gov/MARC21/slim http://www.loc.gov/standards/marcxml/schema/MARC21slim.xsd"><leader>01552ncm a2200409 c 4500</leader><controlfield tag="001">991000019809705502</controlfield><controlfield tag="005">20201222210850.0</controlfield><controlfield tag="008">110122s1989    xxu||l |            und d</controlfield><datafield ind1=" " ind2=" " tag="020"><subfield code="a">9780486259628</subfield></datafield><datafield ind1=" " ind2=" " tag="035"><subfield code="a">(swissbib)113527799-41slsp_network</subfield></datafield><datafield ind1=" " ind2=" " tag="035"><subfield code="a">113527799</subfield><subfield code="9">ExL</subfield></datafield><datafield ind1=" " ind2=" " tag="035"><subfield code="a">(RERO)R006017419-41slsp</subfield></datafield><datafield ind1=" " ind2=" " tag="035"><subfield code="a">(EXLNZ-41SLSP_NETWORK)991056867639705501</subfield></datafield><datafield ind1=" " ind2=" " tag="040"><subfield code="a">RERO geulmu</subfield><subfield code="d">CH-ZuSLS</subfield></datafield><datafield ind1=" " ind2="7" tag="072"><subfield code="a">mu</subfield><subfield code="2">rero</subfield></datafield><datafield ind1="1" ind2=" " tag="100"><subfield code="a">Ravel, Maurice</subfield><subfield code="d">1875-1937</subfield><subfield code="0">(IDREF)029503655</subfield><subfield code="4">cre</subfield></datafield><datafield ind1="1" ind2="0" tag="245"><subfield code="a">Four Orchestral Works</subfield><subfield code="c">Maurice Ravel</subfield></datafield><datafield ind1=" " ind2="1" tag="264"><subfield code="a">New York</subfield><subfield code="b">Dover Publications</subfield><subfield code="c">1989</subfield></datafield><datafield ind1=" " ind2=" " tag="300"><subfield code="a">1 partition (225 p.)</subfield></datafield><datafield ind1=" " ind2=" " tag="336"><subfield code="b">ntm</subfield><subfield code="2">rdacontent</subfield></datafield><datafield ind1=" " ind2=" " tag="337"><subfield code="b">n</subfield><subfield code="2">rdamedia</subfield></datafield><datafield ind1=" " ind2=" " tag="338"><subfield code="b">nc</subfield><subfield code="2">rdacarrier</subfield></datafield><datafield ind1=" " ind2=" " tag="382"><subfield code="a">orchestre</subfield><subfield code="n">1</subfield><subfield code="2">reromusi</subfield></datafield><datafield ind1="0" ind2=" " tag="505"><subfield code="a">Rapsodie espagnole ; Mother Goose Suite ; Valses nobles et sentimentales ; Pavane for a dead Princess</subfield></datafield><datafield ind1=" " ind2="7" tag="655"><subfield code="a">Valse</subfield><subfield code="x">orchestre</subfield><subfield code="y">1901-1925</subfield><subfield code="2">reromusg</subfield></datafield><datafield ind1=" " ind2="7" tag="655"><subfield code="a">Rhapsodie</subfield><subfield code="x">orchestre</subfield><subfield code="y">1901-1925</subfield><subfield code="2">reromusg</subfield></datafield><datafield ind1=" " ind2="7" tag="655"><subfield code="a">Pavane</subfield><subfield code="x">orchestre</subfield><subfield code="y">1901-1925</subfield><subfield code="2">reromusg</subfield></datafield><datafield ind1=" " ind2="7" tag="655"><subfield code="a">Suite</subfield><subfield code="x">orchestre</subfield><subfield code="y">1901-1925</subfield><subfield code="2">reromusg</subfield></datafield><datafield ind1=" " ind2=" " tag="690"><subfield code="a">Valse</subfield><subfield code="d">orchestre</subfield><subfield code="e">1901-1925</subfield><subfield code="2">musg</subfield></datafield><datafield ind1=" " ind2=" " tag="690"><subfield code="a">Rhapsodie</subfield><subfield code="d">orchestre</subfield><subfield code="e">1901-1925</subfield><subfield code="2">musg</subfield></datafield><datafield ind1=" " ind2=" " tag="690"><subfield code="a">Pavane</subfield><subfield code="d">orchestre</subfield><subfield code="e">1901-1925</subfield><subfield code="2">musg</subfield></datafield><datafield ind1=" " ind2=" " tag="690"><subfield code="a">Suite</subfield><subfield code="d">orchestre</subfield><subfield code="e">1901-1925</subfield><subfield code="2">musg</subfield></datafield><datafield ind1=" " ind2=" " tag="690"><subfield code="a">orchestre</subfield><subfield code="2">musi</subfield></datafield><datafield ind1="1" ind2="2" tag="700"><subfield code="a">Ravel, Maurice</subfield><subfield code="t">Pavane pour une infante défunte.</subfield><subfield code="m">Orchestre</subfield></datafield><datafield ind1="1" ind2="2" tag="700"><subfield code="a">Ravel, Maurice</subfield><subfield code="t">Ma mère l'Oye.</subfield><subfield code="m">Orchestre</subfield></datafield><datafield ind1="1" ind2="2" tag="700"><subfield code="a">Ravel, Maurice</subfield><subfield code="t">Valses nobles et sentimentales.</subfield><subfield code="m">Orchestre</subfield></datafield><datafield ind1="1" ind2="2" tag="700"><subfield code="a">Ravel, Maurice</subfield><subfield code="t">Rhapsodies</subfield></datafield><datafield ind1=" " ind2=" " tag="900"><subfield code="a">REROnoselfmerge</subfield></datafield></record>
</metadata></record>