<record><header><identifier>oai:alma.41SLSP_UGE:991000020539705502</identifier><datestamp>2023-03-01T01:08:52Z</datestamp><setSpec>uge_bcen_RapidILL_BOOK</setSpec><setSpec>uge_aaca_RapidILL_BOOK</setSpec><setSpec>uge_abels_RapidILL_BOOK</setSpec><setSpec>uge_dbu_RapidILL_BOOK</setSpec><setSpec>uge_cmu_RapidILL_BOOK</setSpec><setSpec>uge_mail_RapidILL_BOOK</setSpec><setSpec>UNIGE_ALL</setSpec><setSpec>uge_abbat_RapidILL_BOOK</setSpec><setSpec>uge_acar_RapidILL_BOOK</setSpec><setSpec>uge_aobs_RapidILL_BOOK</setSpec></header><metadata>
<record xmlns="http://www.loc.gov/MARC21/slim" xmlns:xsi="http://www.w3.org/2001/XMLSchema-instance" xsi:schemaLocation="http://www.loc.gov/MARC21/slim http://www.loc.gov/standards/marcxml/schema/MARC21slim.xsd"><leader>01272nam a2200361 c 4500</leader><controlfield tag="001">991000020539705502</controlfield><controlfield tag="005">20230220190821.0</controlfield><controlfield tag="008">950706s1995    fr ||||| |||| 00| ||fre d</controlfield><datafield ind1=" " ind2=" " tag="020"><subfield code="a">2110033150</subfield></datafield><datafield ind1=" " ind2=" " tag="035"><subfield code="a">(swissbib)090147243-41slsp_network</subfield></datafield><datafield ind1=" " ind2=" " tag="035"><subfield code="a">090147243</subfield><subfield code="9">ExL</subfield></datafield><datafield ind1=" " ind2=" " tag="035"><subfield code="a">(RERO)2047908-41slsp</subfield></datafield><datafield ind1=" " ind2=" " tag="035"><subfield code="a">(EXLNZ-41SLSP_NETWORK)991065601769705501</subfield></datafield><datafield ind1=" " ind2=" " tag="040"><subfield code="a">RERO frbcuc</subfield><subfield code="d">CH-ZuSLS</subfield></datafield><datafield ind1=" " ind2="7" tag="072"><subfield code="a">dr</subfield><subfield code="2">rero</subfield></datafield><datafield ind1=" " ind2=" " tag="084"><subfield code="a">CA/CE 33 b</subfield><subfield code="2">cjurrom</subfield></datafield><datafield ind1="0" ind2="0" tag="245"><subfield code="a">&lt;&lt;L'&gt;&gt;Union européenne élargie</subfield><subfield code="b">les traités de Rome et de Maastricht : textes comparés</subfield></datafield><datafield ind1="1" ind2=" " tag="246"><subfield code="a">Traités de Rome et de Maastricht</subfield></datafield><datafield ind1=" " ind2=" " tag="250"><subfield code="a">Ed. 1995</subfield></datafield><datafield ind1=" " ind2="1" tag="264"><subfield code="a">Paris</subfield><subfield code="b">La documentation française</subfield><subfield code="c">1995</subfield></datafield><datafield ind1=" " ind2=" " tag="300"><subfield code="a">347 p.</subfield><subfield code="c">30 cm</subfield></datafield><datafield ind1=" " ind2=" " tag="336"><subfield code="b">txt</subfield><subfield code="2">rdacontent</subfield></datafield><datafield ind1=" " ind2=" " tag="337"><subfield code="b">n</subfield><subfield code="2">rdamedia</subfield></datafield><datafield ind1=" " ind2=" " tag="338"><subfield code="b">nc</subfield><subfield code="2">rdacarrier</subfield></datafield><datafield ind1=" " ind2=" " tag="500"><subfield code="a">Traité. 1992. Maastricht</subfield></datafield><datafield ind1=" " ind2=" " tag="500"><subfield code="a">Traité. 1957. Roma</subfield></datafield><datafield ind1="2" ind2="7" tag="611"><subfield code="a">Traité de Maastricht</subfield><subfield code="d">1992</subfield><subfield code="0">(RERO)A010033787</subfield><subfield code="2">rero</subfield></datafield><datafield ind1="2" ind2="7" tag="611"><subfield code="a">Traités instituant les Communautés européennes</subfield><subfield code="0">(RERO)A010033888</subfield><subfield code="2">rero</subfield></datafield><datafield ind1=" " ind2="7" tag="650"><subfield code="a">1957-1995</subfield><subfield code="2">rero</subfield></datafield><datafield ind1=" " ind2="7" tag="650"><subfield code="a">Droit européen</subfield><subfield code="0">(IDREF)027467171</subfield><subfield code="2">idref</subfield></datafield><datafield ind1=" " ind2="7" tag="651"><subfield code="a">Europe</subfield><subfield code="x">Unité</subfield><subfield code="0">(IDREF)027495892</subfield><subfield code="2">idref</subfield></datafield><datafield ind1=" " ind2="7" tag="655"><subfield code="a">[texte législatif]</subfield><subfield code="2">rerovoc</subfield><subfield code="0">(RERO)A009950157</subfield></datafield><datafield ind1=" " ind2="7" tag="655"><subfield code="a">Traités</subfield><subfield code="0">(IDREF)027442993</subfield><subfield code="2">idref</subfield></datafield><datafield ind1=" " ind2=" " tag="900"><subfield code="a">REROnoselfmerge</subfield></datafield><datafield ind1=" " ind2=" " tag="961"><subfield code="2">gsi</subfield><subfield code="a">342.4 CE</subfield><subfield code="9">LOCAL</subfield></datafield></record>
</metadata></record>