<record><header><identifier>oai:alma.41SLSP_UGE:991000002719705502</identifier><datestamp>2023-05-23T00:13:20Z</datestamp><setSpec>uge_bcen_RapidILL_BOOK</setSpec><setSpec>uge_aaca_RapidILL_BOOK</setSpec><setSpec>uge_abels_RapidILL_BOOK</setSpec><setSpec>uge_dbu_RapidILL_BOOK</setSpec><setSpec>uge_cmu_RapidILL_BOOK</setSpec><setSpec>uge_mail_RapidILL_BOOK</setSpec><setSpec>uge_abbat_RapidILL_BOOK</setSpec><setSpec>UNIGE_ALL</setSpec><setSpec>uge_aobs_RapidILL_BOOK</setSpec><setSpec>uge_acar_RapidILL_BOOK</setSpec></header><metadata>
<record xmlns="http://www.loc.gov/MARC21/slim" xmlns:xsi="http://www.w3.org/2001/XMLSchema-instance" xsi:schemaLocation="http://www.loc.gov/MARC21/slim http://www.loc.gov/standards/marcxml/schema/MARC21slim.xsd"><leader>03125nam a2200733 c 4500</leader><controlfield tag="001">991000002719705502</controlfield><controlfield tag="005">20230516184500.0</controlfield><controlfield tag="008">201011t19861986gw ||||| |||| 00| ||ger d</controlfield><datafield ind1=" " ind2=" " tag="020"><subfield code="a">380530501X</subfield></datafield><datafield ind1="7" ind2=" " tag="024"><subfield code="a">http://catalogue.bnf.fr/ark:/12148/cb34922064m</subfield><subfield code="2">uri</subfield></datafield><datafield ind1=" " ind2=" " tag="035"><subfield code="a">(swissbib)231530617-41slsp_network</subfield></datafield><datafield ind1=" " ind2=" " tag="035"><subfield code="a">231530617</subfield><subfield code="9">ExL</subfield></datafield><datafield ind1=" " ind2=" " tag="035"><subfield code="a">(RERO)0706437-41slsp</subfield></datafield><datafield ind1=" " ind2=" " tag="035"><subfield code="a">(NEBIS)006594922EBI01</subfield></datafield><datafield ind1=" " ind2=" " tag="035"><subfield code="a">(IDSBB)000064470DSV01</subfield></datafield><datafield ind1=" " ind2=" " tag="035"><subfield code="a">(EXLNZ-41SLSP_NETWORK)991003572779705501</subfield></datafield><datafield ind1=" " ind2=" " tag="040"><subfield code="a">RERO gevbpu</subfield><subfield code="d">CH-ZuSLS</subfield></datafield><datafield ind1=" " ind2=" " tag="050"><subfield code="a">DT57</subfield><subfield code="b">.D47 no. 39, etc</subfield></datafield><datafield ind1=" " ind2="7" tag="072"><subfield code="a">ar</subfield><subfield code="2">rero</subfield></datafield><datafield ind1=" " ind2="7" tag="072"><subfield code="a">ar</subfield><subfield code="2">SzZuIDS BS/BE</subfield></datafield><datafield ind1=" " ind2="7" tag="072"><subfield code="a">ae</subfield><subfield code="2">SzZuIDS BS/BE</subfield></datafield><datafield ind1="1" ind2=" " tag="080"><subfield code="a">933.2</subfield></datafield><datafield ind1="0" ind2="0" tag="082"><subfield code="a">932 s</subfield><subfield code="a">932</subfield><subfield code="2">19</subfield></datafield><datafield ind1="0" ind2="4" tag="082"><subfield code="a">932 s 932 19</subfield><subfield code="2">22/ger</subfield></datafield><datafield ind1="0" ind2="4" tag="082"><subfield code="a">932</subfield><subfield code="2">19</subfield></datafield><datafield ind1="1" ind2="4" tag="082"><subfield code="a">930</subfield><subfield code="2">15</subfield></datafield><datafield ind1=" " ind2=" " tag="084"><subfield code="a">NG 3000</subfield><subfield code="2">rvk</subfield></datafield><datafield ind1="1" ind2=" " tag="100"><subfield code="a">Dreyer, Günter</subfield><subfield code="6">880-01</subfield></datafield><datafield ind1="1" ind2=" " tag="880"><subfield code="6">100-01</subfield><subfield code="a">Dreyer, Günter</subfield><subfield code="d">1943-2019</subfield><subfield code="0">(IDREF)028850149</subfield></datafield><datafield ind1="1" ind2="0" tag="245"><subfield code="a">&lt;&lt;Der&gt;&gt; Tempel der Satet</subfield><subfield code="b">die Funde der Frühzeit und des Alten Reiches</subfield><subfield code="c">von Günter Dreyer</subfield></datafield><datafield ind1=" " ind2="1" tag="264"><subfield code="a">Mainz am Rhein</subfield><subfield code="b">P. von Zabern</subfield><subfield code="c">[1986]</subfield></datafield><datafield ind1=" " ind2="4" tag="264"><subfield code="c">© 1986</subfield></datafield><datafield ind1=" " ind2=" " tag="300"><subfield code="a">153 p., 63 p. de pl.</subfield><subfield code="b">Ill.</subfield><subfield code="c">36 cm</subfield></datafield><datafield ind1=" " ind2=" " tag="336"><subfield code="b">txt</subfield><subfield code="2">rdacontent</subfield></datafield><datafield ind1=" " ind2=" " tag="337"><subfield code="b">n</subfield><subfield code="2">rdamedia</subfield></datafield><datafield ind1=" " ind2=" " tag="338"><subfield code="b">nc</subfield><subfield code="2">rdacarrier</subfield></datafield><datafield ind1="1" ind2=" " tag="490"><subfield code="a">Elephantine</subfield><subfield code="v">8</subfield></datafield><datafield ind1="1" ind2=" " tag="490"><subfield code="a">Archäologische Veröffentlichungen / Deutsches Archäologisches Institut. Abt. Kairo</subfield><subfield code="v">39</subfield></datafield><datafield ind1=" " ind2=" " tag="500"><subfield code="a">Originaltitel: Tempelweihgaben der Frühzeit (Diss. erschien unter d.T.)</subfield></datafield><datafield ind1=" " ind2=" " tag="502"><subfield code="a">Zugl.: Diss. Altertumswiss. FU Berlin, 1978</subfield></datafield><datafield ind1="0" ind2="7" tag="600"><subfield code="a">Satis</subfield><subfield code="0">(DE-588)118605674</subfield><subfield code="2">gnd</subfield></datafield><datafield ind1="1" ind2="0" tag="610"><subfield code="a">Temple of Satis (Elephantine, Egypt)</subfield></datafield><datafield ind1="2" ind2="0" tag="610"><subfield code="a">Temple of Satis (Elephantine, Egypt)</subfield></datafield><datafield ind1=" " ind2="7" tag="650"><subfield code="a">Archéologie</subfield><subfield code="0">(IDREF)02726971X</subfield><subfield code="2">idref</subfield></datafield><datafield ind1=" " ind2="7" tag="650"><subfield code="a">3200 av. J.-C.-2060 av. J.-C.</subfield><subfield code="2">idref</subfield></datafield><datafield ind1=" " ind2="7" tag="650"><subfield code="a">mobilier archéologique égyptien antique</subfield><subfield code="0">(RERO)A010118122</subfield><subfield code="2">rerovoc</subfield></datafield><datafield ind1=" " ind2="7" tag="650"><subfield code="a">Temples égyptiens</subfield><subfield code="0">(IDREF)027301052</subfield><subfield code="2">idref</subfield></datafield><datafield ind1=" " ind2="7" tag="650"><subfield code="a">Ausgrabung</subfield><subfield code="0">(DE-588)4129464-6</subfield><subfield code="2">gnd</subfield></datafield><datafield ind1=" " ind2="7" tag="650"><subfield code="a">Tempel</subfield><subfield code="0">(DE-588)4059416-6</subfield><subfield code="2">gnd</subfield></datafield><datafield ind1=" " ind2="0" tag="650"><subfield code="a">Excavations (Archaeology)</subfield><subfield code="z">Egypt</subfield><subfield code="z">Elephantine</subfield></datafield><datafield ind1=" " ind2="7" tag="650"><subfield code="a">Fouilles archéologiques</subfield><subfield code="z">Égypte</subfield><subfield code="z">Éléphantine (Égypte ; île)</subfield><subfield code="2">ram</subfield></datafield><datafield ind1=" " ind2="7" tag="650"><subfield code="a">Temples égyptiens</subfield><subfield code="x">Dessins et plans</subfield><subfield code="z">Éléphantine (Égypte ; île)</subfield><subfield code="2">ram</subfield></datafield><datafield ind1=" " ind2="7" tag="650"><subfield code="a">Tempel</subfield><subfield code="z">ägyptischer</subfield><subfield code="z">Elephantine</subfield><subfield code="2">idsbb</subfield></datafield><datafield ind1=" " ind2="7" tag="651"><subfield code="a">Éléphantine (Égypte ; île)</subfield><subfield code="0">(IDREF)027261085</subfield><subfield code="2">idref</subfield></datafield><datafield ind1=" " ind2="7" tag="651"><subfield code="a">Elephantine</subfield><subfield code="0">(DE-588)4014421-5</subfield><subfield code="2">gnd</subfield></datafield><datafield ind1=" " ind2="0" tag="651"><subfield code="a">Elephantine (Egypt)</subfield><subfield code="x">Antiquities</subfield></datafield><datafield ind1=" " ind2="0" tag="651"><subfield code="a">Egypt</subfield><subfield code="x">Antiquities</subfield></datafield><datafield ind1=" " ind2="7" tag="651"><subfield code="a">Éléphantine (Égypte ; île)</subfield><subfield code="x">Antiquités</subfield><subfield code="2">ram</subfield></datafield><datafield ind1=" " ind2="7" tag="651"><subfield code="a">Elephantine</subfield><subfield code="x">Tempel</subfield><subfield code="2">idsbb</subfield></datafield><datafield ind1=" " ind2="7" tag="655"><subfield code="a">Hochschulschrift</subfield><subfield code="2">gnd-content</subfield></datafield><datafield ind1=" " ind2="7" tag="651"><subfield code="a">Égypte</subfield><subfield code="y">ca. 2686-ca. 2181 av. J.-C. (Ancien Empire)</subfield><subfield code="0">(IDREF)027637808</subfield><subfield code="2">idref</subfield></datafield><datafield ind1="1" ind2="2" tag="700"><subfield code="a">Dreyer, Günter</subfield><subfield code="t">Tempelweihgaben der Frühzeit</subfield></datafield><datafield ind1=" " ind2="0" tag="830"><subfield code="a">Elephantine</subfield><subfield code="v">8</subfield><subfield code="w">(NEBIS)001025160EBI01</subfield></datafield><datafield ind1=" " ind2="0" tag="830"><subfield code="a">Archäologische Veröffentlichungen</subfield><subfield code="v">39</subfield><subfield code="w">(NEBIS)000987287EBI01</subfield></datafield><datafield ind1=" " ind2="0" tag="830"><subfield code="a">Archäologische Veröffentlichungen</subfield><subfield code="v">39</subfield><subfield code="w">(RERO)0576140-41slsp</subfield></datafield></record>
</metadata></record>