<record><header><identifier>oai:alma.41SLSP_UGE:991000003469705502</identifier><datestamp>2023-03-01T01:08:52Z</datestamp><setSpec>uge_bcen_RapidILL_BOOK</setSpec><setSpec>uge_aaca_RapidILL_BOOK</setSpec><setSpec>uge_abels_RapidILL_BOOK</setSpec><setSpec>uge_dbu_RapidILL_BOOK</setSpec><setSpec>uge_cmu_RapidILL_BOOK</setSpec><setSpec>uge_mail_RapidILL_BOOK</setSpec><setSpec>UNIGE_ALL</setSpec><setSpec>uge_abbat_RapidILL_BOOK</setSpec><setSpec>uge_aobs_RapidILL_BOOK</setSpec><setSpec>uge_acar_RapidILL_BOOK</setSpec></header><metadata>
<record xmlns="http://www.loc.gov/MARC21/slim" xmlns:xsi="http://www.w3.org/2001/XMLSchema-instance" xsi:schemaLocation="http://www.loc.gov/MARC21/slim http://www.loc.gov/standards/marcxml/schema/MARC21slim.xsd"><leader>02351nam a2200361 c 4500</leader><controlfield tag="001">991000003469705502</controlfield><controlfield tag="005">20201126043039.0</controlfield><controlfield tag="008">070926s2007    sz ||||| m||| 00| ||fre d</controlfield><datafield ind1=" " ind2=" " tag="019"><subfield code="a">Catalogage: décrit l'ex. de thèse</subfield><subfield code="5">RERO/geussc/09.2007</subfield></datafield><datafield ind1=" " ind2=" " tag="035"><subfield code="a">(swissbib)10585039X-41slsp_network</subfield></datafield><datafield ind1=" " ind2=" " tag="035"><subfield code="a">10585039X</subfield><subfield code="9">ExL</subfield></datafield><datafield ind1=" " ind2=" " tag="035"><subfield code="a">(RERO)R004550003-41slsp</subfield></datafield><datafield ind1=" " ind2=" " tag="035"><subfield code="a">(EXLNZ-41SLSP_NETWORK)991025135609705501</subfield></datafield><datafield ind1=" " ind2=" " tag="040"><subfield code="a">RERO geussc</subfield><subfield code="d">CH-ZuSLS</subfield></datafield><datafield ind1="0" ind2=" " tag="041"><subfield code="a">fre</subfield><subfield code="a">eng</subfield></datafield><datafield ind1=" " ind2=" " tag="044"><subfield code="a">sz</subfield><subfield code="c">ch-ge</subfield></datafield><datafield ind1=" " ind2="7" tag="072"><subfield code="a">ch</subfield><subfield code="2">rero</subfield></datafield><datafield ind1=" " ind2="7" tag="072"><subfield code="a">pa</subfield><subfield code="2">rero</subfield></datafield><datafield ind1="1" ind2=" " tag="100"><subfield code="a">Nguyen, Dao Thu-Trang</subfield><subfield code="0">(RERO)A012137419</subfield><subfield code="4">cre</subfield></datafield><datafield ind1="1" ind2="0" tag="245"><subfield code="a">Analyses rapides et ultra-rapides en chromatographie liquide</subfield><subfield code="b">application aux composés pharmaceutiques</subfield><subfield code="c">Dao Thu Trang Nguyen</subfield></datafield><datafield ind1=" " ind2="1" tag="264"><subfield code="a">Genève</subfield><subfield code="b">[éditeur non identifié]</subfield><subfield code="c">2007</subfield></datafield><datafield ind1=" " ind2="3" tag="264"><subfield code="a">Genève</subfield><subfield code="b">Atelier de reprod. de la Section de physique</subfield></datafield><datafield ind1=" " ind2=" " tag="300"><subfield code="a">248 p.</subfield><subfield code="b">ill.</subfield></datafield><datafield ind1=" " ind2=" " tag="336"><subfield code="b">txt</subfield><subfield code="2">rdacontent</subfield></datafield><datafield ind1=" " ind2=" " tag="337"><subfield code="b">n</subfield><subfield code="2">rdamedia</subfield></datafield><datafield ind1=" " ind2=" " tag="338"><subfield code="b">nc</subfield><subfield code="2">rdacarrier</subfield></datafield><datafield ind1=" " ind2=" " tag="500"><subfield code="a">Contient un résumé en français de 23 p.</subfield></datafield><datafield ind1=" " ind2=" " tag="500"><subfield code="a">Existe aussi en version électronique</subfield></datafield><datafield ind1=" " ind2=" " tag="502"><subfield code="a">Th. Univ. Genève, 2007 ; Sc. 3862</subfield></datafield><datafield ind1=" " ind2=" " tag="508"><subfield code="a">Directeur de thèse: Professeur Jean-Luc Veuthey ; codirecteur: Docteur Serge Rudaz</subfield></datafield><datafield ind1="8" ind2=" " tag="520"><subfield code="a">La découverte et le développement d'un médicament est un processus long (en général 15 à 20 ans) et dispendieux. Le développement de nouveaux outils analytiques pour diminuer les temps d'analyse permet de répondre aux exigences des étapes de recherche et développement et également de la mise sur le marché d'un médicament</subfield><subfield code="5">RERO/geudbu/10.2007</subfield></datafield><datafield ind1="8" ind2=" " tag="520"><subfield code="a">Ce travail de thèse a permis de démontrer le potentiel et les possibilités offertes par l'UPLC (Ultra Performance Liquid Chromatography) via diverses applications pharmaceutiques. Les performances qualitatives et quantitatives ont été évaluées et la réduction des temps d'analyse représente un avantage important de cette approche par rapport à la chromatographie liquide (LC) conventionnelle. Les gains observés sont significatifs (10 à 20 fois par rapport à la LC conventionnelle) et les efficacités générées sont excellentes en comparaison avec les autres approches rapides (colonnes courtes, haute température, monolithes)</subfield><subfield code="5">RERO/geudbu/10.2007</subfield></datafield><datafield ind1="4" ind2="1" tag="856"><subfield code="3">Ressource en ligne via RERO DOC</subfield><subfield code="u">http://doc.rero.ch/record/8173</subfield></datafield><datafield ind1=" " ind2=" " tag="900"><subfield code="a">REROnoselfmerge</subfield></datafield></record>
</metadata></record>