<record><header><identifier>oai:alma.41SLSP_UGE:991000004089705502</identifier><datestamp>2023-12-20T01:34:41Z</datestamp><setSpec>uge_bcen_RapidILL_BOOK</setSpec><setSpec>uge_aaca_RapidILL_BOOK</setSpec><setSpec>uge_abels_RapidILL_BOOK</setSpec><setSpec>uge_dbu_RapidILL_BOOK</setSpec><setSpec>uge_cmu_RapidILL_BOOK</setSpec><setSpec>uge_mail_RapidILL_BOOK</setSpec><setSpec>uge_abbat_RapidILL_BOOK</setSpec><setSpec>UNIGE_ALL</setSpec><setSpec>uge_acar_RapidILL_BOOK</setSpec><setSpec>uge_aobs_RapidILL_BOOK</setSpec></header><metadata>
<record xmlns="http://www.loc.gov/MARC21/slim" xmlns:xsi="http://www.w3.org/2001/XMLSchema-instance" xsi:schemaLocation="http://www.loc.gov/MARC21/slim http://www.loc.gov/standards/marcxml/schema/MARC21slim.xsd"><leader>01742nam a2200493 c 4500</leader><controlfield tag="001">991000004089705502</controlfield><controlfield tag="005">20231219140024.0</controlfield><controlfield tag="008">201011t19771977xxu||||| |||| 00| ||eng d</controlfield><datafield ind1=" " ind2=" " tag="020"><subfield code="a">0816178895</subfield></datafield><datafield ind1="7" ind2=" " tag="024"><subfield code="a">http://catalogue.bnf.fr/ark:/12148/cb35269450g</subfield><subfield code="2">uri</subfield></datafield><datafield ind1=" " ind2=" " tag="035"><subfield code="a">(swissbib)230352162-41slsp_network</subfield></datafield><datafield ind1=" " ind2=" " tag="035"><subfield code="a">230352162</subfield><subfield code="9">ExL</subfield></datafield><datafield ind1=" " ind2=" " tag="035"><subfield code="a">(RERO)0623176-41slsp</subfield></datafield><datafield ind1=" " ind2=" " tag="035"><subfield code="a">(IDSBB)000007934DSV01</subfield></datafield><datafield ind1=" " ind2=" " tag="035"><subfield code="a">(NEBIS)001291690EBI01</subfield></datafield><datafield ind1=" " ind2=" " tag="035"><subfield code="a">(EXLNZ-41SLSP_NETWORK)991112596599705501</subfield></datafield><datafield ind1=" " ind2=" " tag="040"><subfield code="a">RERO frbcuc</subfield><subfield code="d">CH-ZuSLS</subfield></datafield><datafield ind1=" " ind2="7" tag="072"><subfield code="a">an</subfield><subfield code="2">rero</subfield></datafield><datafield ind1=" " ind2="7" tag="072"><subfield code="a">an</subfield><subfield code="2">SzZuIDS BS/BE</subfield></datafield><datafield ind1="1" ind2=" " tag="080"><subfield code="a">820&quot;17/19&quot;AUD(01)</subfield></datafield><datafield ind1="0" ind2="0" tag="082"><subfield code="a">016.821/9/12</subfield><subfield code="2">18</subfield></datafield><datafield ind1=" " ind2=" " tag="084"><subfield code="a">AD 12795</subfield><subfield code="2">rvk</subfield></datafield><datafield ind1=" " ind2=" " tag="084"><subfield code="a">AD 13067</subfield><subfield code="2">rvk</subfield></datafield><datafield ind1=" " ind2=" " tag="084"><subfield code="a">HM 1655</subfield><subfield code="2">rvk</subfield></datafield><datafield ind1="1" ind2=" " tag="100"><subfield code="a">Gingerich, Martin E.</subfield><subfield code="0">(RERO)A003297748</subfield><subfield code="4">cre</subfield></datafield><datafield ind1="1" ind2="0" tag="245"><subfield code="a">W.H. Auden</subfield><subfield code="b">a reference guide</subfield><subfield code="c">Martin E. Gingerich</subfield></datafield><datafield ind1=" " ind2="1" tag="264"><subfield code="a">Boston (Mass.)</subfield><subfield code="b">G. K. Hall</subfield><subfield code="c">[1977]</subfield></datafield><datafield ind1=" " ind2="4" tag="264"><subfield code="c">© 1977</subfield></datafield><datafield ind1=" " ind2=" " tag="300"><subfield code="a">XII, 145 S.</subfield><subfield code="c">25 cm</subfield></datafield><datafield ind1=" " ind2=" " tag="336"><subfield code="b">txt</subfield><subfield code="2">rdacontent</subfield></datafield><datafield ind1=" " ind2=" " tag="337"><subfield code="b">n</subfield><subfield code="2">rdamedia</subfield></datafield><datafield ind1=" " ind2=" " tag="338"><subfield code="b">nc</subfield><subfield code="2">rdacarrier</subfield></datafield><datafield ind1="1" ind2=" " tag="490"><subfield code="a">Reference guides in literature</subfield></datafield><datafield ind1="1" ind2="7" tag="600"><subfield code="a">Auden, Wystan Hugh</subfield><subfield code="d">1907-1973</subfield><subfield code="0">(IDREF)026695502</subfield><subfield code="2">idref</subfield></datafield><datafield ind1="1" ind2="7" tag="600"><subfield code="a">Auden, Wystan Hugh</subfield><subfield code="v">Bibliographie</subfield><subfield code="2">idsbb</subfield></datafield><datafield ind1="1" ind2="7" tag="600"><subfield code="a">Auden, Wystan H.</subfield><subfield code="d">1907-1973</subfield><subfield code="0">(DE-588)118650963</subfield><subfield code="2">gnd</subfield></datafield><datafield ind1="1" ind2="0" tag="600"><subfield code="a">Auden, W. H</subfield><subfield code="q">Wystan Hugh</subfield><subfield code="d">1907-1973</subfield><subfield code="v">Bibliography</subfield></datafield><datafield ind1="1" ind2="0" tag="600"><subfield code="a">Auden, W. H</subfield><subfield code="q">Wystan Hugh</subfield><subfield code="d">1907-1973</subfield><subfield code="x">Bibliography</subfield></datafield><datafield ind1=" " ind2="7" tag="655"><subfield code="a">Bibliographie</subfield><subfield code="0">(IDREF)027229386</subfield><subfield code="2">idref</subfield></datafield><datafield ind1=" " ind2="7" tag="655"><subfield code="a">Bibliografie</subfield><subfield code="2">gnd-content</subfield></datafield><datafield ind1=" " ind2=" " tag="690"><subfield code="a">Auden, Wystan H. / Bibliographien</subfield><subfield code="2">uzb-Z9</subfield></datafield><datafield ind1="1" ind2=" " tag="700"><subfield code="a">Gingerich, Martin Ellsworth</subfield></datafield><datafield ind1=" " ind2=" " tag="830"><subfield code="a">&lt;&lt;A&gt;&gt; reference publication in literature</subfield><subfield code="w">(RERO)0073408-41slsp</subfield></datafield><datafield ind1=" " ind2=" " tag="900"><subfield code="a">REROnoselfmerge</subfield></datafield><datafield ind1=" " ind2=" " tag="900"><subfield code="a">IDSZ2esmon201205r</subfield><subfield code="c">IDSZ2fumo</subfield></datafield></record>
</metadata></record>