<record><header><identifier>oai:alma.41SLSP_UGE:991000019829705502</identifier><datestamp>2023-03-01T01:08:52Z</datestamp><setSpec>uge_bcen_RapidILL_BOOK</setSpec><setSpec>uge_aaca_RapidILL_BOOK</setSpec><setSpec>uge_abels_RapidILL_BOOK</setSpec><setSpec>uge_dbu_RapidILL_BOOK</setSpec><setSpec>uge_cmu_RapidILL_BOOK</setSpec><setSpec>uge_mail_RapidILL_BOOK</setSpec><setSpec>UNIGE_ALL</setSpec><setSpec>uge_abbat_RapidILL_BOOK</setSpec><setSpec>uge_aobs_RapidILL_BOOK</setSpec><setSpec>uge_acar_RapidILL_BOOK</setSpec></header><metadata>
<record xmlns="http://www.loc.gov/MARC21/slim" xmlns:xsi="http://www.w3.org/2001/XMLSchema-instance" xsi:schemaLocation="http://www.loc.gov/MARC21/slim http://www.loc.gov/standards/marcxml/schema/MARC21slim.xsd"><leader>02285nam a2200601 c 4500</leader><controlfield tag="001">991000019829705502</controlfield><controlfield tag="005">20201231173303.0</controlfield><controlfield tag="008">201012s1981    xxu||||| |||| 01| ||eng d</controlfield><datafield ind1=" " ind2=" " tag="020"><subfield code="a">0824715500</subfield></datafield><datafield ind1=" " ind2=" " tag="035"><subfield code="a">(swissbib)242854621-41slsp_network</subfield></datafield><datafield ind1=" " ind2=" " tag="035"><subfield code="a">242854621</subfield><subfield code="9">ExL</subfield></datafield><datafield ind1=" " ind2=" " tag="035"><subfield code="a">(RERO)0939414-41slsp</subfield></datafield><datafield ind1=" " ind2=" " tag="035"><subfield code="a">(NEBIS)000250444EBI01</subfield></datafield><datafield ind1=" " ind2=" " tag="035"><subfield code="a">(IDSBB)001351335DSV01</subfield></datafield><datafield ind1=" " ind2=" " tag="035"><subfield code="a">(EXLNZ-41SLSP_NETWORK)991059309369705501</subfield></datafield><datafield ind1=" " ind2=" " tag="040"><subfield code="a">RERO geussm</subfield><subfield code="d">CH-ZuSLS</subfield></datafield><datafield ind1=" " ind2="7" tag="072"><subfield code="a">ma</subfield><subfield code="2">rero</subfield></datafield><datafield ind1=" " ind2="7" tag="072"><subfield code="a">mt</subfield><subfield code="2">SzZuIDS BS/BE</subfield></datafield><datafield ind1="0" ind2="4" tag="082"><subfield code="a">510 .92 4</subfield><subfield code="a">B</subfield><subfield code="2">19</subfield></datafield><datafield ind1="0" ind2="4" tag="082"><subfield code="a">510/.92/4</subfield><subfield code="a">B</subfield><subfield code="2">19</subfield></datafield><datafield ind1="1" ind2="4" tag="082"><subfield code="a">510.92</subfield><subfield code="2">22</subfield></datafield><datafield ind1="1" ind2="4" tag="082"><subfield code="a">510</subfield><subfield code="2">15</subfield></datafield><datafield ind1=" " ind2=" " tag="084"><subfield code="a">01.20</subfield><subfield code="2">msc</subfield></datafield><datafield ind1=" " ind2=" " tag="084"><subfield code="a">SG 244</subfield><subfield code="2">rvk</subfield></datafield><datafield ind1="0" ind2="0" tag="245"><subfield code="a">Emmy Noether</subfield><subfield code="b">a tribute to her life and work</subfield><subfield code="c">ed., James W. Brewer, Marta K. Smith</subfield></datafield><datafield ind1=" " ind2="1" tag="264"><subfield code="a">New York</subfield><subfield code="a">Basel</subfield><subfield code="b">M. Dekker</subfield><subfield code="c">[1981]</subfield></datafield><datafield ind1=" " ind2="4" tag="264"><subfield code="c">© 1981</subfield></datafield><datafield ind1=" " ind2=" " tag="300"><subfield code="a">X, 180 p.</subfield><subfield code="b">ill.</subfield><subfield code="c">24 cm</subfield></datafield><datafield ind1=" " ind2=" " tag="336"><subfield code="b">txt</subfield><subfield code="2">rdacontent</subfield></datafield><datafield ind1=" " ind2=" " tag="337"><subfield code="b">n</subfield><subfield code="2">rdamedia</subfield></datafield><datafield ind1=" " ind2=" " tag="338"><subfield code="b">nc</subfield><subfield code="2">rdacarrier</subfield></datafield><datafield ind1="1" ind2=" " tag="490"><subfield code="a">Pure and applied mathematics. Monographs and textbooks in pure and applied mathematics</subfield><subfield code="v">69</subfield></datafield><datafield ind1="1" ind2="0" tag="600"><subfield code="a">Noether, Emmy</subfield><subfield code="d">1882-1935</subfield></datafield><datafield ind1="1" ind2="7" tag="600"><subfield code="a">Noether, Emmy</subfield><subfield code="d">1882-1935</subfield><subfield code="0">(DE-588)118588443</subfield><subfield code="2">gnd</subfield></datafield><datafield ind1=" " ind2="0" tag="650"><subfield code="a">Algebra</subfield></datafield><datafield ind1=" " ind2="0" tag="650"><subfield code="a">Mathematicians</subfield><subfield code="z">Germany</subfield><subfield code="v">Biography</subfield></datafield><datafield ind1=" " ind2="7" tag="650"><subfield code="a">BIOGRAPHIEN (LEBEN UND WERK)</subfield><subfield code="9">ger</subfield><subfield code="0">(ETHUDK)000036789</subfield><subfield code="2">ethudk</subfield></datafield><datafield ind1=" " ind2="7" tag="650"><subfield code="a">DEUTSCHLAND (MITTELEUROPA). BUNDESREPUBLIK DEUTSCHLAND</subfield><subfield code="9">ger</subfield><subfield code="0">(ETHUDK)000041967</subfield><subfield code="2">ethudk</subfield></datafield><datafield ind1=" " ind2="7" tag="650"><subfield code="a">MATHEMATIK</subfield><subfield code="9">ger</subfield><subfield code="0">(ETHUDK)000012462</subfield><subfield code="2">ethudk</subfield></datafield><datafield ind1=" " ind2="7" tag="650"><subfield code="a">&quot;1882/1935&quot;</subfield><subfield code="2">ethudk</subfield></datafield><datafield ind1=" " ind2="7" tag="655"><subfield code="a">Festschrift</subfield><subfield code="2">gnd-content</subfield></datafield><datafield ind1=" " ind2=" " tag="690"><subfield code="a">Noether, Emmy</subfield><subfield code="2">uzb-Z9</subfield></datafield><datafield ind1="1" ind2=" " tag="700"><subfield code="a">Smith, Martha K.</subfield></datafield><datafield ind1="1" ind2=" " tag="700"><subfield code="a">Brewer, James W.</subfield></datafield><datafield ind1="1" ind2=" " tag="700"><subfield code="a">Brewer, James W.</subfield><subfield code="d">1942-....</subfield><subfield code="0">(IDREF)094330026</subfield></datafield><datafield ind1="1" ind2=" " tag="700"><subfield code="a">Noether, Emmy</subfield><subfield code="d">1882-1935</subfield><subfield code="0">(DE-588)118588443</subfield><subfield code="6">880-03</subfield></datafield><datafield ind1="1" ind2=" " tag="880"><subfield code="6">700-03</subfield><subfield code="a">Noether, Emmy</subfield><subfield code="d">1882-1935</subfield><subfield code="0">(IDREF)031861210</subfield></datafield><datafield ind1="0" ind2=" " tag="730"><subfield code="a">Noether, a tribute to her life and work</subfield></datafield><datafield ind1=" " ind2=" " tag="830"><subfield code="a">Pure and Applied Mathematics</subfield><subfield code="p">Dekker</subfield><subfield code="p">Monographs and textbooks in pure and applied mathematics</subfield><subfield code="p">Dekker</subfield><subfield code="v">69</subfield><subfield code="w">(RERO)0141703-41slsp</subfield></datafield><datafield ind1=" " ind2=" " tag="830"><subfield code="a">Pure and applied mathematics</subfield><subfield code="v">69</subfield><subfield code="w">(NEBIS)000034650EBI01</subfield></datafield><datafield ind1=" " ind2=" " tag="830"><subfield code="a">Pure and applied mathematics</subfield><subfield code="v">69</subfield><subfield code="w">(IDSBB)000053385DSV01</subfield></datafield><datafield ind1=" " ind2=" " tag="900"><subfield code="a">REROnoselfmerge</subfield></datafield><datafield ind1=" " ind2=" " tag="900"><subfield code="a">IDSZRMedeaZBZ</subfield><subfield code="c">IDSZReich</subfield></datafield><datafield ind1=" " ind2=" " tag="900"><subfield code="f">IDSU2medea</subfield></datafield></record>
</metadata></record>