<record><header><identifier>oai:alma.41SLSP_UGE:991000051359705502</identifier><datestamp>2023-03-01T01:08:52Z</datestamp><setSpec>uge_bcen_RapidILL_BOOK</setSpec><setSpec>uge_aaca_RapidILL_BOOK</setSpec><setSpec>uge_abels_RapidILL_BOOK</setSpec><setSpec>uge_dbu_RapidILL_BOOK</setSpec><setSpec>uge_cmu_RapidILL_BOOK</setSpec><setSpec>uge_mail_RapidILL_BOOK</setSpec><setSpec>UNIGE_ALL</setSpec><setSpec>uge_abbat_RapidILL_BOOK</setSpec><setSpec>uge_aobs_RapidILL_BOOK</setSpec><setSpec>uge_acar_RapidILL_BOOK</setSpec></header><metadata>
<record xmlns="http://www.loc.gov/MARC21/slim" xmlns:xsi="http://www.w3.org/2001/XMLSchema-instance" xsi:schemaLocation="http://www.loc.gov/MARC21/slim http://www.loc.gov/standards/marcxml/schema/MARC21slim.xsd"><leader>00989naa a2200253 c 4500</leader><controlfield tag="001">991000051359705502</controlfield><controlfield tag="005">20201225182123.0</controlfield><controlfield tag="008">880503s1942    sz ||||| |||| 00| ||fre d</controlfield><datafield ind1=" " ind2=" " tag="035"><subfield code="a">(swissbib)082722951-41slsp_network</subfield></datafield><datafield ind1=" " ind2=" " tag="035"><subfield code="a">082722951</subfield><subfield code="9">ExL</subfield></datafield><datafield ind1=" " ind2=" " tag="035"><subfield code="a">(RERO)0972620-41slsp</subfield></datafield><datafield ind1=" " ind2=" " tag="035"><subfield code="a">(EXLNZ-41SLSP_NETWORK)991056846049705501</subfield></datafield><datafield ind1=" " ind2=" " tag="040"><subfield code="a">RERO gepiag</subfield><subfield code="d">CH-ZuSLS</subfield></datafield><datafield ind1=" " ind2=" " tag="044"><subfield code="a">sz</subfield><subfield code="c">ch-ge</subfield></datafield><datafield ind1=" " ind2="7" tag="072"><subfield code="a">ph</subfield><subfield code="2">rero</subfield></datafield><datafield ind1="1" ind2=" " tag="100"><subfield code="a">Piaget, Jean</subfield><subfield code="d">1896-1980</subfield><subfield code="0">(IDREF)027071170</subfield><subfield code="4">cre</subfield></datafield><datafield ind1="1" ind2="0" tag="245"><subfield code="a">[Maugé, Francis, L'esprit et le réel...]</subfield><subfield code="c">J. P</subfield></datafield><datafield ind1=" " ind2=" " tag="336"><subfield code="b">txt</subfield><subfield code="2">rdacontent</subfield></datafield><datafield ind1=" " ind2=" " tag="337"><subfield code="b">n</subfield><subfield code="2">rdamedia</subfield></datafield><datafield ind1=" " ind2=" " tag="338"><subfield code="b">nc</subfield><subfield code="2">rdacarrier</subfield></datafield><datafield ind1=" " ind2=" " tag="500"><subfield code="a">Compte-rendu de: Francis Maugé, L'Esprit et le réel dans les limites du nombre et de la grandeur, et L'Esprit et le réel perçu. Paris, Alcan, 1937</subfield></datafield><datafield ind1=" " ind2=" " tag="580"><subfield code="a">In: Archives de psychologie. - Genève. - T. 29, no 113(1942), p. 108-109</subfield></datafield><datafield ind1="1" ind2="2" tag="700"><subfield code="a">Piaget, Jean</subfield><subfield code="d">1896-1980</subfield><subfield code="t">Compte-rendu de livre</subfield></datafield><datafield ind1="0" ind2=" " tag="773"><subfield code="t">Archives de psychologie</subfield><subfield code="g">113/108</subfield><subfield code="w">(RERO)0054885-41slsp</subfield></datafield><datafield ind1=" " ind2=" " tag="900"><subfield code="a">REROnoselfmerge</subfield></datafield></record>
</metadata></record>