<record><header><identifier>oai:alma.41SLSP_UGE:991000003879705502</identifier><datestamp>2023-10-19T00:47:07Z</datestamp><setSpec>uge_bcen_RapidILL_BOOK</setSpec><setSpec>uge_aaca_RapidILL_BOOK</setSpec><setSpec>uge_abels_RapidILL_BOOK</setSpec><setSpec>uge_dbu_RapidILL_BOOK</setSpec><setSpec>uge_cmu_RapidILL_BOOK</setSpec><setSpec>uge_mail_RapidILL_BOOK</setSpec><setSpec>uge_abbat_RapidILL_BOOK</setSpec><setSpec>UNIGE_ALL</setSpec><setSpec>uge_aobs_RapidILL_BOOK</setSpec><setSpec>uge_acar_RapidILL_BOOK</setSpec></header><metadata>
<record xmlns="http://www.loc.gov/MARC21/slim" xmlns:xsi="http://www.w3.org/2001/XMLSchema-instance" xsi:schemaLocation="http://www.loc.gov/MARC21/slim http://www.loc.gov/standards/marcxml/schema/MARC21slim.xsd"><leader>02755nam a2200709 c 4500</leader><controlfield tag="001">991000003879705502</controlfield><controlfield tag="005">20230619194106.0</controlfield><controlfield tag="008">201011s2010    gw ||||| |||| 00| ||ger d</controlfield><datafield ind1=" " ind2=" " tag="015"><subfield code="a">09,N50,0418</subfield><subfield code="2">dnb</subfield></datafield><datafield ind1="7" ind2=" " tag="016"><subfield code="a">998418412</subfield><subfield code="2">DE-101</subfield></datafield><datafield ind1=" " ind2=" " tag="020"><subfield code="a">3788724293</subfield></datafield><datafield ind1=" " ind2=" " tag="020"><subfield code="a">9783788724290</subfield></datafield><datafield ind1=" " ind2=" " tag="035"><subfield code="a">(swissbib)221865586-41slsp_network</subfield></datafield><datafield ind1=" " ind2=" " tag="035"><subfield code="a">221865586</subfield><subfield code="9">ExL</subfield></datafield><datafield ind1=" " ind2=" " tag="035"><subfield code="a">(RERO)R005463299-41slsp</subfield></datafield><datafield ind1=" " ind2=" " tag="035"><subfield code="a">(NEBIS)006075273EBI01</subfield></datafield><datafield ind1=" " ind2=" " tag="035"><subfield code="a">(IDSBB)005239364DSV01</subfield></datafield><datafield ind1=" " ind2=" " tag="035"><subfield code="a">(IDSLU)000897142ILU01</subfield></datafield><datafield ind1=" " ind2=" " tag="035"><subfield code="a">(OCoLC)612473390</subfield></datafield><datafield ind1=" " ind2=" " tag="035"><subfield code="a">(EXLNZ-41SLSP_NETWORK)991038814089705501</subfield></datafield><datafield ind1=" " ind2=" " tag="040"><subfield code="a">RERO frbcuc</subfield><subfield code="d">CH-ZuSLS</subfield></datafield><datafield ind1=" " ind2="7" tag="072"><subfield code="a">th</subfield><subfield code="2">rero</subfield></datafield><datafield ind1=" " ind2="7" tag="072"><subfield code="a">th</subfield><subfield code="2">SzZuIDS BS/BE</subfield></datafield><datafield ind1=" " ind2="7" tag="072"><subfield code="a">730</subfield><subfield code="2">IDS LU</subfield></datafield><datafield ind1="0" ind2="4" tag="082"><subfield code="a">230.041</subfield><subfield code="2">22/ger</subfield></datafield><datafield ind1="0" ind2="4" tag="082"><subfield code="a">233</subfield><subfield code="2">22/ger</subfield></datafield><datafield ind1="0" ind2="4" tag="082"><subfield code="a">230</subfield><subfield code="a">220</subfield><subfield code="a">150</subfield></datafield><datafield ind1=" " ind2=" " tag="084"><subfield code="a">BC 7415</subfield><subfield code="2">rvk</subfield></datafield><datafield ind1=" " ind2=" " tag="084"><subfield code="a">BC 7500</subfield><subfield code="2">rvk</subfield></datafield><datafield ind1=" " ind2=" " tag="084"><subfield code="a">BN 4400</subfield><subfield code="2">rvk</subfield></datafield><datafield ind1=" " ind2=" " tag="084"><subfield code="a">230</subfield><subfield code="a">220</subfield><subfield code="a">150</subfield><subfield code="2">GyFmDB</subfield></datafield><datafield ind1=" " ind2=" " tag="084"><subfield code="a">BC 6840</subfield><subfield code="2">rvk</subfield></datafield><datafield ind1="0" ind2="0" tag="245"><subfield code="a">&lt;&lt;Der&gt;&gt; Mensch als Thema theologischer Anthropologie</subfield><subfield code="b">Beiträge in interdisziplinärer Perspektive</subfield><subfield code="c">Jürgen van Oorschot, Markus Iff (Hg.) ; mit Beitr. von Roland Gebauer ... ...</subfield></datafield><datafield ind1=" " ind2="1" tag="264"><subfield code="a">Neukirchen-Vluyn</subfield><subfield code="b">Neukirchener</subfield><subfield code="c">2010</subfield></datafield><datafield ind1=" " ind2=" " tag="300"><subfield code="a">X, 177 S.</subfield><subfield code="c">21 cm</subfield></datafield><datafield ind1=" " ind2=" " tag="336"><subfield code="b">txt</subfield><subfield code="2">rdacontent</subfield></datafield><datafield ind1=" " ind2=" " tag="337"><subfield code="b">n</subfield><subfield code="2">rdamedia</subfield></datafield><datafield ind1=" " ind2=" " tag="338"><subfield code="b">nc</subfield><subfield code="2">rdacarrier</subfield></datafield><datafield ind1="1" ind2=" " tag="490"><subfield code="a">Biblisch-theologische Studien</subfield><subfield code="v">111</subfield></datafield><datafield ind1="1" ind2="0" tag="600"><subfield code="a">Seidel, Kurt</subfield><subfield code="d">1930-</subfield></datafield><datafield ind1="0" ind2="7" tag="630"><subfield code="a">Bible</subfield><subfield code="0">(IDREF)028198654</subfield><subfield code="2">idref</subfield></datafield><datafield ind1="0" ind2="7" tag="630"><subfield code="a">Bibel</subfield><subfield code="2">idszbz</subfield></datafield><datafield ind1="0" ind2="7" tag="630"><subfield code="a">Bibel</subfield><subfield code="0">(DE-588)4006406-2</subfield><subfield code="2">gnd</subfield></datafield><datafield ind1=" " ind2="7" tag="650"><subfield code="a">théologie protestante</subfield><subfield code="0">(RERO)A010032848</subfield><subfield code="2">rerovoc</subfield></datafield><datafield ind1=" " ind2="7" tag="650"><subfield code="a">Homme (théologie chrétienne)</subfield><subfield code="0">(IDREF)027440389</subfield><subfield code="2">idref</subfield></datafield><datafield ind1=" " ind2="7" tag="650"><subfield code="a">Theologische Anthropologie</subfield><subfield code="2">idszbz</subfield></datafield><datafield ind1=" " ind2="7" tag="650"><subfield code="a">Menschenbild</subfield><subfield code="2">idszbz</subfield></datafield><datafield ind1=" " ind2="0" tag="650"><subfield code="a">Psychology, Religious</subfield></datafield><datafield ind1=" " ind2="0" tag="650"><subfield code="a">Theological anthropology</subfield><subfield code="x">Christianity</subfield></datafield><datafield ind1=" " ind2="7" tag="650"><subfield code="a">Religionspsychologie</subfield><subfield code="0">(DE-588)4049418-4</subfield><subfield code="2">gnd</subfield></datafield><datafield ind1=" " ind2="7" tag="650"><subfield code="a">Evangelische Theologie</subfield><subfield code="0">(DE-588)4015875-5</subfield><subfield code="2">gnd</subfield></datafield><datafield ind1=" " ind2="7" tag="650"><subfield code="a">Theologische Anthropologie</subfield><subfield code="2">idsbb</subfield></datafield><datafield ind1=" " ind2="7" tag="650"><subfield code="a">Theologische Anthropologie</subfield><subfield code="0">(DE-588)4059766-0</subfield><subfield code="2">gnd</subfield></datafield><datafield ind1=" " ind2="7" tag="655"><subfield code="a">[Études diverses]</subfield><subfield code="0">(RERO)A022249905</subfield><subfield code="2">rero</subfield></datafield><datafield ind1=" " ind2="7" tag="655"><subfield code="a">Aufsatzsammlung</subfield><subfield code="2">idszbz</subfield></datafield><datafield ind1=" " ind2="7" tag="655"><subfield code="a">Aufsatzsammlung</subfield><subfield code="2">gnd-content</subfield></datafield><datafield ind1="1" ind2=" " tag="700"><subfield code="a">Gebauer, Roland</subfield></datafield><datafield ind1="1" ind2=" " tag="700"><subfield code="a">Oorschot, Jürgen &lt;&lt;van&gt;&gt;</subfield><subfield code="d">1957-</subfield><subfield code="0">(DE-588)122571371</subfield><subfield code="6">880-02</subfield></datafield><datafield ind1="1" ind2=" " tag="880"><subfield code="6">700-02</subfield><subfield code="a">Oorschot, Jürgen van</subfield><subfield code="d">1957-....</subfield><subfield code="0">(IDREF)028949021</subfield></datafield><datafield ind1="4" ind2=" " tag="856"><subfield code="3">Titelblatt und Inhaltsverzeichnis</subfield><subfield code="u">https://toc.library.ethz.ch/objects/pdf/z01_978-3-7887-2429-0_01.pdf</subfield><subfield code="q">pdf</subfield></datafield><datafield ind1=" " ind2="0" tag="830"><subfield code="a">Biblisch-theologische Studien</subfield><subfield code="v">111</subfield><subfield code="w">(RERO)0565960-41slsp</subfield></datafield><datafield ind1=" " ind2=" " tag="900"><subfield code="a">IDSZ2zbzmon201007f</subfield><subfield code="c">IDSZ2proc</subfield><subfield code="d">IDSZ2zbzswk201007b</subfield><subfield code="e">IDSZ2schu</subfield></datafield><datafield ind1=" " ind2=" " tag="949"><subfield code="a">https://toc.library.ethz.ch/objects/pdf/z01_978-3-7887-2429-0_01.pdf</subfield></datafield></record>
</metadata></record>