<record><header><identifier>oai:alma.41SLSP_UGE:991000002529705502</identifier><datestamp>2023-03-01T01:08:52Z</datestamp><setSpec>uge_bcen_RapidILL_BOOK</setSpec><setSpec>uge_aaca_RapidILL_BOOK</setSpec><setSpec>uge_abels_RapidILL_BOOK</setSpec><setSpec>uge_dbu_RapidILL_BOOK</setSpec><setSpec>uge_cmu_RapidILL_BOOK</setSpec><setSpec>uge_mail_RapidILL_BOOK</setSpec><setSpec>UNIGE_ALL</setSpec><setSpec>uge_abbat_RapidILL_BOOK</setSpec><setSpec>uge_acar_RapidILL_BOOK</setSpec><setSpec>uge_aobs_RapidILL_BOOK</setSpec></header><metadata>
<record xmlns="http://www.loc.gov/MARC21/slim" xmlns:xsi="http://www.w3.org/2001/XMLSchema-instance" xsi:schemaLocation="http://www.loc.gov/MARC21/slim http://www.loc.gov/standards/marcxml/schema/MARC21slim.xsd"><leader>01167nam a2200253 c 4500</leader><controlfield tag="001">991000002529705502</controlfield><controlfield tag="005">20211207201114.0</controlfield><controlfield tag="008">961109s1982    xxc||||| |||| 10| ||fre d</controlfield><datafield ind1=" " ind2=" " tag="035"><subfield code="a">(swissbib)078978939-41slsp_network</subfield></datafield><datafield ind1=" " ind2=" " tag="035"><subfield code="a">078978939</subfield><subfield code="9">ExL</subfield></datafield><datafield ind1=" " ind2=" " tag="035"><subfield code="a">(RERO)0432076-41slsp</subfield></datafield><datafield ind1=" " ind2=" " tag="035"><subfield code="a">(EXLNZ-41SLSP_NETWORK)991078095709705501</subfield></datafield><datafield ind1=" " ind2=" " tag="040"><subfield code="a">RERO</subfield><subfield code="d">CH-ZuSLS</subfield></datafield><datafield ind1=" " ind2="7" tag="072"><subfield code="a">bt</subfield><subfield code="2">rero</subfield></datafield><datafield ind1="0" ind2="0" tag="245"><subfield code="a">&lt;&lt;L'&gt;&gt;enseignement de l'informatique documentaire</subfield><subfield code="b">actes des deuxièmes journées d'études de l'Association internationale des écoles de sciences de l'information (AIESI), Montréal, 1er - 3 mai 1980</subfield><subfield code="c">textes éd. par Alain Jacquesson ; AUPELF</subfield></datafield><datafield ind1=" " ind2="1" tag="264"><subfield code="a">Montréal</subfield><subfield code="b">AIESI</subfield><subfield code="c">1982</subfield></datafield><datafield ind1=" " ind2=" " tag="300"><subfield code="a">126 p.</subfield><subfield code="b">ill.</subfield><subfield code="c">28 cm</subfield></datafield><datafield ind1=" " ind2=" " tag="336"><subfield code="b">txt</subfield><subfield code="2">rdacontent</subfield></datafield><datafield ind1=" " ind2=" " tag="337"><subfield code="b">n</subfield><subfield code="2">rdamedia</subfield></datafield><datafield ind1=" " ind2=" " tag="338"><subfield code="b">nc</subfield><subfield code="2">rdacarrier</subfield></datafield><datafield ind1=" " ind2="7" tag="650"><subfield code="a">informatique documentaire - enseignement</subfield><subfield code="0">(RERO)A010098672</subfield><subfield code="2">rerovoc</subfield></datafield><datafield ind1="1" ind2=" " tag="700"><subfield code="a">Jacquesson, Alain</subfield><subfield code="d">1946-2022</subfield><subfield code="0">(IDREF)031558720</subfield></datafield><datafield ind1="2" ind2=" " tag="710"><subfield code="a">Association internationale des écoles des sciences de l'information</subfield><subfield code="b">Journées d'études</subfield><subfield code="n">2</subfield><subfield code="d">1980</subfield><subfield code="c">Montréal</subfield><subfield code="0">(RERO)A012391460</subfield></datafield><datafield ind1="2" ind2=" " tag="710"><subfield code="a">Association des universités partiellement ou entièrement de langue française</subfield><subfield code="0">(IDREF)026466899</subfield></datafield><datafield ind1=" " ind2=" " tag="900"><subfield code="a">REROnoselfmerge</subfield></datafield></record>
</metadata></record>