<record><header><identifier>oai:alma.41SLSP_UGE:991000002839705502</identifier><datestamp>2024-09-28T00:12:12Z</datestamp><setSpec>uge_bcen_RapidILL_BOOK</setSpec><setSpec>uge_aaca_RapidILL_BOOK</setSpec><setSpec>uge_abels_RapidILL_BOOK</setSpec><setSpec>uge_dbu_RapidILL_BOOK</setSpec><setSpec>uge_cmu_RapidILL_BOOK</setSpec><setSpec>uge_mail_RapidILL_BOOK</setSpec><setSpec>uge_abbat_RapidILL_BOOK</setSpec><setSpec>UNIGE_ALL</setSpec><setSpec>uge_acar_RapidILL_BOOK</setSpec><setSpec>uge_aobs_RapidILL_BOOK</setSpec></header><metadata>
<record xmlns="http://www.loc.gov/MARC21/slim" xmlns:xsi="http://www.w3.org/2001/XMLSchema-instance" xsi:schemaLocation="http://www.loc.gov/MARC21/slim http://www.loc.gov/standards/marcxml/schema/MARC21slim.xsd"><leader>01406naa a22003137c 4500</leader><controlfield tag="001">991000002839705502</controlfield><controlfield tag="005">20240927180438.0</controlfield><controlfield tag="008">201011m18931894sz       m    00| | ger  </controlfield><datafield ind1=" " ind2=" " tag="035"><subfield code="a">(swissbib)212209590-41slsp_network</subfield></datafield><datafield ind1=" " ind2=" " tag="035"><subfield code="a">212209590</subfield><subfield code="9">ExL</subfield></datafield><datafield ind1=" " ind2=" " tag="035"><subfield code="a">(IDSBB)002477546DSV01</subfield></datafield><datafield ind1=" " ind2=" " tag="035"><subfield code="a">(RERO)R003316213-41slsp</subfield></datafield><datafield ind1=" " ind2=" " tag="035"><subfield code="a">(EXLNZ-41SLSP_NETWORK)991055696579705501</subfield></datafield><datafield ind1=" " ind2=" " tag="040"><subfield code="a">SzZuIDS BS/BE A110</subfield><subfield code="e">kids</subfield><subfield code="d">CH-ZuSLS</subfield></datafield><datafield ind1=" " ind2="7" tag="072"><subfield code="a">hg</subfield><subfield code="2">rero</subfield></datafield><datafield ind1="1" ind2=" " tag="100"><subfield code="a">Durrer, Robert</subfield><subfield code="d">1867-1934</subfield><subfield code="0">(RERO)A012322390</subfield><subfield code="4">cre</subfield><subfield code="6">880-01</subfield></datafield><datafield ind1="1" ind2=" " tag="880"><subfield code="a">Durrer, Robert</subfield><subfield code="d">1867-1934</subfield><subfield code="0">(DE-588)116256788</subfield><subfield code="6">100-01</subfield></datafield><datafield ind1="1" ind2="0" tag="245"><subfield code="a">&lt;&lt;Die&gt;&gt; Familie vom Rappenstein, genannt Mötteli, und ihre Beziehungen zur Schweiz</subfield><subfield code="c">Robert Durrer</subfield></datafield><datafield ind1=" " ind2=" " tag="336"><subfield code="b">txt</subfield><subfield code="2">rdacontent</subfield></datafield><datafield ind1=" " ind2=" " tag="337"><subfield code="b">n</subfield><subfield code="2">rdamedia</subfield></datafield><datafield ind1=" " ind2=" " tag="338"><subfield code="b">nc</subfield><subfield code="2">rdacarrier</subfield></datafield><datafield ind1=" " ind2=" " tag="500"><subfield code="a">Zugl. SA. - 267 S.</subfield></datafield><datafield ind1=" " ind2=" " tag="500"><subfield code="a">Zugleich als Sonderdruck erschienen</subfield></datafield><datafield ind1=" " ind2=" " tag="502"><subfield code="a">Diss. phil. I Zürich, 1894</subfield></datafield><datafield ind1=" " ind2=" " tag="580"><subfield code="a">In: Geschichtsfreund. - Stans. - Bd. 48 und 49, 267 p.</subfield></datafield><datafield ind1="0" ind2="7" tag="600"><subfield code="a">Mötteli</subfield><subfield code="c">(famille)</subfield><subfield code="0">(RERO)A010231740</subfield><subfield code="2">rero</subfield></datafield><datafield ind1=" " ind2="7" tag="655"><subfield code="a">Hochschulschrift</subfield><subfield code="2">gnd-content</subfield></datafield><datafield ind1="0" ind2=" " tag="773"><subfield code="t">Der Geschichtsfreund</subfield><subfield code="d">Einsiedeln</subfield><subfield code="g">Bd. 48(1893), S. 81-275 ; 49(1894), S. 1-73</subfield><subfield code="q">48/1893/81</subfield><subfield code="g">yr:1893</subfield><subfield code="g">no:48</subfield><subfield code="w">(IDSBB)000089885DSV01</subfield></datafield><datafield ind1="0" ind2=" " tag="773"><subfield code="t">Geschichtsfreund : Mitteilungen des Historischen Vereins der fünf Orte Luzern, Uri, Schwyz, Unterwalden ob und nid dem Wald und Zug</subfield><subfield code="g">1893</subfield><subfield code="g">yr:1893</subfield><subfield code="w">(RERO)0123769-41slsp</subfield></datafield><datafield ind1=" " ind2=" " tag="900"><subfield code="a">REROnoselfmerge</subfield></datafield></record>
</metadata></record>