<record><header><identifier>oai:alma.41SLSP_UGE:991000019929705502</identifier><datestamp>2024-10-05T00:05:54Z</datestamp><setSpec>uge_bcen_RapidILL_BOOK</setSpec><setSpec>uge_aaca_RapidILL_BOOK</setSpec><setSpec>uge_abels_RapidILL_BOOK</setSpec><setSpec>uge_dbu_RapidILL_BOOK</setSpec><setSpec>uge_cmu_RapidILL_BOOK</setSpec><setSpec>uge_mail_RapidILL_BOOK</setSpec><setSpec>uge_abbat_RapidILL_BOOK</setSpec><setSpec>UNIGE_ALL</setSpec><setSpec>uge_acar_RapidILL_BOOK</setSpec><setSpec>uge_aobs_RapidILL_BOOK</setSpec></header><metadata>
<record xmlns="http://www.loc.gov/MARC21/slim" xmlns:xsi="http://www.w3.org/2001/XMLSchema-instance" xsi:schemaLocation="http://www.loc.gov/MARC21/slim http://www.loc.gov/standards/marcxml/schema/MARC21slim.xsd"><leader>01033nam a2200289 c 4500</leader><controlfield tag="001">991000019929705502</controlfield><controlfield tag="005">20241004181456.0</controlfield><controlfield tag="008">201011s1900    gw ||||| |||| 00| ||ger d</controlfield><datafield ind1=" " ind2=" " tag="035"><subfield code="a">(swissbib)229883036-41slsp_network</subfield></datafield><datafield ind1=" " ind2=" " tag="035"><subfield code="a">229883036</subfield><subfield code="9">ExL</subfield></datafield><datafield ind1=" " ind2=" " tag="035"><subfield code="a">(RERO)R232564860-41slsp</subfield></datafield><datafield ind1=" " ind2=" " tag="035"><subfield code="a">(IDSBB)004540096DSV01</subfield></datafield><datafield ind1=" " ind2=" " tag="035"><subfield code="a">(EXLNZ-41SLSP_NETWORK)991058152789705501</subfield></datafield><datafield ind1=" " ind2=" " tag="040"><subfield code="a">RERO laiuhm</subfield><subfield code="d">CH-ZuSLS</subfield></datafield><datafield ind1=" " ind2="7" tag="072"><subfield code="a">ps</subfield><subfield code="2">rero</subfield></datafield><datafield ind1="1" ind2=" " tag="100"><subfield code="a">Löwenfeld, Leopold</subfield><subfield code="d">1847-1924</subfield><subfield code="0">(IDREF)083479007</subfield><subfield code="4">cre</subfield></datafield><datafield ind1="1" ind2="0" tag="245"><subfield code="a">Somnambulismus und Spiritismus</subfield><subfield code="c">von L. Loewenfeld</subfield></datafield><datafield ind1=" " ind2="1" tag="264"><subfield code="a">Wiesbaden</subfield><subfield code="b">J.F. Bergmann</subfield><subfield code="c">1900</subfield></datafield><datafield ind1=" " ind2=" " tag="300"><subfield code="a">57 S. : Ill.</subfield><subfield code="c">8'</subfield></datafield><datafield ind1=" " ind2=" " tag="336"><subfield code="b">txt</subfield><subfield code="2">rdacontent</subfield></datafield><datafield ind1=" " ind2=" " tag="337"><subfield code="b">n</subfield><subfield code="2">rdamedia</subfield></datafield><datafield ind1=" " ind2=" " tag="338"><subfield code="b">nc</subfield><subfield code="2">rdacarrier</subfield></datafield><datafield ind1="1" ind2=" " tag="490"><subfield code="a">Grenzfragen des Nerven- und Seelenlebens</subfield><subfield code="v">1</subfield></datafield><datafield ind1=" " ind2="7" tag="650"><subfield code="a">Somnambulisme</subfield><subfield code="0">(IDREF)027819078</subfield><subfield code="2">idref</subfield></datafield><datafield ind1=" " ind2="7" tag="650"><subfield code="a">Spiritisme</subfield><subfield code="0">(IDREF)027294102</subfield><subfield code="2">idref</subfield></datafield><datafield ind1=" " ind2=" " tag="830"><subfield code="a">Grenzfragen des Nerven- und Seelenlebens</subfield><subfield code="v">1</subfield><subfield code="w">(RERO)0967335-41slsp</subfield></datafield><datafield ind1=" " ind2=" " tag="830"><subfield code="a">Grenzfragen des Nerven- und Seelenlebens</subfield><subfield code="v">1</subfield><subfield code="w">(IDSBB)000825683DSV01</subfield></datafield><datafield ind1=" " ind2=" " tag="900"><subfield code="a">REROnoselfmerge</subfield></datafield><datafield ind1=" " ind2=" " tag="990"><subfield code="a">aircla</subfield><subfield code="9">LOCAL</subfield></datafield></record>
</metadata></record>