<record><header><identifier>oai:alma.41SLSP_UGE:991000004109705502</identifier><datestamp>2024-11-16T01:13:12Z</datestamp><setSpec>uge_bcen_RapidILL_BOOK</setSpec><setSpec>uge_aaca_RapidILL_BOOK</setSpec><setSpec>uge_abels_RapidILL_BOOK</setSpec><setSpec>uge_dbu_RapidILL_BOOK</setSpec><setSpec>uge_cmu_RapidILL_BOOK</setSpec><setSpec>uge_mail_RapidILL_BOOK</setSpec><setSpec>uge_abbat_RapidILL_BOOK</setSpec><setSpec>UNIGE_ALL</setSpec><setSpec>uge_aobs_RapidILL_BOOK</setSpec><setSpec>uge_acar_RapidILL_BOOK</setSpec></header><metadata>
<record xmlns="http://www.loc.gov/MARC21/slim" xmlns:xsi="http://www.w3.org/2001/XMLSchema-instance" xsi:schemaLocation="http://www.loc.gov/MARC21/slim http://www.loc.gov/standards/marcxml/schema/MARC21slim.xsd"><leader>01171nam a2200337 c 4500</leader><controlfield tag="001">991000004109705502</controlfield><controlfield tag="005">20241115131135.0</controlfield><controlfield tag="008">201022s1970    fr ||||| |||| 00| ||fre d</controlfield><datafield ind1=" " ind2=" " tag="035"><subfield code="a">(swissbib)25226441X-41slsp_network</subfield></datafield><datafield ind1=" " ind2=" " tag="035"><subfield code="a">25226441X</subfield><subfield code="9">ExL</subfield></datafield><datafield ind1=" " ind2=" " tag="035"><subfield code="a">(RERO)1164238-41slsp</subfield></datafield><datafield ind1=" " ind2=" " tag="035"><subfield code="a">(SBT)000841796SBT01</subfield></datafield><datafield ind1=" " ind2=" " tag="035"><subfield code="a">(OCoLC)495878628</subfield></datafield><datafield ind1=" " ind2=" " tag="035"><subfield code="a">(EXLNZ-41SLSP_NETWORK)991059299209705501</subfield></datafield><datafield ind1=" " ind2=" " tag="040"><subfield code="a">RERO geulfr</subfield><subfield code="d">CH-ZuSLS</subfield></datafield><datafield ind1="1" ind2=" " tag="041"><subfield code="a">fre</subfield><subfield code="h">ger</subfield></datafield><datafield ind1=" " ind2="7" tag="072"><subfield code="a">td</subfield><subfield code="2">rero</subfield></datafield><datafield ind1="1" ind2=" " tag="100"><subfield code="a">Brecht, Bertolt</subfield><subfield code="d">1898-1956</subfield><subfield code="0">(IDREF)028208617</subfield><subfield code="4">cre</subfield></datafield><datafield ind1="1" ind2="0" tag="245"><subfield code="a">Petit organon pour le théâtre</subfield><subfield code="b">1948 ; Additifs au Petit organon : 1954</subfield><subfield code="c">Bertolt Brecht ; texte français de Jean Tailleur</subfield></datafield><datafield ind1=" " ind2="1" tag="264"><subfield code="a">Paris</subfield><subfield code="b">L'Arche</subfield><subfield code="c">1970</subfield></datafield><datafield ind1=" " ind2=" " tag="300"><subfield code="a">119 p.</subfield><subfield code="c">18 cm</subfield></datafield><datafield ind1=" " ind2=" " tag="336"><subfield code="b">txt</subfield><subfield code="2">rdacontent</subfield></datafield><datafield ind1=" " ind2=" " tag="337"><subfield code="b">n</subfield><subfield code="2">rdamedia</subfield></datafield><datafield ind1=" " ind2=" " tag="338"><subfield code="b">nc</subfield><subfield code="2">rdacarrier</subfield></datafield><datafield ind1="1" ind2=" " tag="490"><subfield code="a">Travaux</subfield><subfield code="v">4</subfield></datafield><datafield ind1=" " ind2=" " tag="500"><subfield code="a">Titolo originale: Kleines Organon für das Theater</subfield></datafield><datafield ind1=" " ind2="7" tag="650"><subfield code="a">Teatro</subfield><subfield code="x">Estetica</subfield><subfield code="2">sbt12</subfield></datafield><datafield ind1="1" ind2=" " tag="700"><subfield code="a">Tailleur, Jean</subfield><subfield code="0">(IDREF)027153924</subfield></datafield><datafield ind1="0" ind2="2" tag="740"><subfield code="a">&lt;&lt;suivi de&gt;&gt; Additifs au Petit organon, 1954</subfield></datafield><datafield ind1=" " ind2=" " tag="830"><subfield code="a">Travaux bis</subfield><subfield code="v">4</subfield><subfield code="w">(SBT)000299295SBT01</subfield></datafield><datafield ind1=" " ind2=" " tag="830"><subfield code="a">Travaux</subfield><subfield code="p">L'Arche</subfield><subfield code="v">4</subfield><subfield code="w">(RERO)0028266-41slsp</subfield></datafield><datafield ind1=" " ind2=" " tag="900"><subfield code="a">REROnoselfmerge</subfield></datafield></record>
</metadata></record>