<record><header><identifier>oai:alma.41SLSP_UGE:991000003899705502</identifier><datestamp>2023-04-11T00:11:40Z</datestamp><setSpec>uge_bcen_RapidILL_BOOK</setSpec><setSpec>uge_aaca_RapidILL_BOOK</setSpec><setSpec>uge_abels_RapidILL_BOOK</setSpec><setSpec>uge_dbu_RapidILL_BOOK</setSpec><setSpec>uge_cmu_RapidILL_BOOK</setSpec><setSpec>uge_mail_RapidILL_BOOK</setSpec><setSpec>uge_abbat_RapidILL_BOOK</setSpec><setSpec>UNIGE_ALL</setSpec><setSpec>uge_aobs_RapidILL_BOOK</setSpec><setSpec>uge_acar_RapidILL_BOOK</setSpec></header><metadata>
<record xmlns="http://www.loc.gov/MARC21/slim" xmlns:xsi="http://www.w3.org/2001/XMLSchema-instance" xsi:schemaLocation="http://www.loc.gov/MARC21/slim http://www.loc.gov/standards/marcxml/schema/MARC21slim.xsd"><leader>02047nam a2200529 c 4500</leader><controlfield tag="001">991000003899705502</controlfield><controlfield tag="005">20230410124932.0</controlfield><controlfield tag="008">201011s1979    xxk||||| |||| 00| ||eng d</controlfield><datafield ind1=" " ind2=" " tag="020"><subfield code="a">0713161191</subfield></datafield><datafield ind1=" " ind2=" " tag="035"><subfield code="a">(swissbib)213976803-41slsp_network</subfield></datafield><datafield ind1=" " ind2=" " tag="035"><subfield code="a">213976803</subfield><subfield code="9">ExL</subfield></datafield><datafield ind1=" " ind2=" " tag="035"><subfield code="a">(RERO)0243902-41slsp</subfield></datafield><datafield ind1=" " ind2=" " tag="035"><subfield code="a">(IDSBB)000698125DSV01</subfield></datafield><datafield ind1=" " ind2=" " tag="035"><subfield code="a">(NEBIS)000184805EBI01</subfield></datafield><datafield ind1=" " ind2=" " tag="035"><subfield code="a">(EXLNZ-41SLSP_NETWORK)991054772639705501</subfield></datafield><datafield ind1=" " ind2=" " tag="040"><subfield code="a">RERO</subfield><subfield code="d">CH-ZuSLS</subfield></datafield><datafield ind1=" " ind2="7" tag="072"><subfield code="a">go</subfield><subfield code="2">rero</subfield></datafield><datafield ind1=" " ind2="7" tag="072"><subfield code="a">st</subfield><subfield code="2">rero</subfield></datafield><datafield ind1=" " ind2="7" tag="072"><subfield code="a">ge</subfield><subfield code="2">SzZuIDS BS/BE</subfield></datafield><datafield ind1="0" ind2="0" tag="082"><subfield code="a">551.3/8</subfield></datafield><datafield ind1=" " ind2=" " tag="084"><subfield code="a">RB 10138</subfield><subfield code="2">rvk</subfield></datafield><datafield ind1=" " ind2=" " tag="084"><subfield code="a">RB 10268</subfield><subfield code="2">rvk</subfield></datafield><datafield ind1=" " ind2=" " tag="084"><subfield code="a">RB 10310</subfield><subfield code="2">rvk</subfield></datafield><datafield ind1=" " ind2=" " tag="084"><subfield code="a">TI 6800</subfield><subfield code="2">rvk</subfield></datafield><datafield ind1="1" ind2=" " tag="100"><subfield code="a">Washburn, Albert Lincoln</subfield><subfield code="d">1911-....</subfield><subfield code="0">(IDREF)076003116</subfield><subfield code="4">cre</subfield></datafield><datafield ind1="1" ind2="0" tag="245"><subfield code="a">Geocryology</subfield><subfield code="b">a survey of periglacial processes and environments</subfield><subfield code="c">A.L. Washburn</subfield></datafield><datafield ind1=" " ind2=" " tag="250"><subfield code="a">2nd ed. of &quot;Periglacial processes and environments&quot;</subfield></datafield><datafield ind1=" " ind2="1" tag="264"><subfield code="a">London</subfield><subfield code="b">E. Arnold</subfield><subfield code="c">[1979]</subfield></datafield><datafield ind1=" " ind2="4" tag="264"><subfield code="c">© 1979</subfield></datafield><datafield ind1=" " ind2=" " tag="300"><subfield code="a">406 p.</subfield><subfield code="c">26 cm</subfield><subfield code="b">fig.; tab.; diagr.; maps</subfield></datafield><datafield ind1=" " ind2=" " tag="336"><subfield code="b">txt</subfield><subfield code="2">rdacontent</subfield></datafield><datafield ind1=" " ind2=" " tag="337"><subfield code="b">n</subfield><subfield code="2">rdamedia</subfield></datafield><datafield ind1=" " ind2=" " tag="338"><subfield code="b">nc</subfield><subfield code="2">rdacarrier</subfield></datafield><datafield ind1=" " ind2=" " tag="500"><subfield code="a">1. Aufl. u.d.T.: Periglacial processes and environments</subfield></datafield><datafield ind1=" " ind2="7" tag="650"><subfield code="a">Périglaciaire</subfield><subfield code="0">(IDREF)028120876</subfield><subfield code="2">idref</subfield></datafield><datafield ind1=" " ind2="7" tag="650"><subfield code="a">Periglazial</subfield><subfield code="0">(DE-588)4173765-9</subfield><subfield code="2">gnd</subfield></datafield><datafield ind1=" " ind2="7" tag="650"><subfield code="a">Periglazialgeomorphologie</subfield><subfield code="0">(DE-588)4045159-8</subfield><subfield code="2">gnd</subfield></datafield><datafield ind1=" " ind2="7" tag="650"><subfield code="a">Pleistozän</subfield><subfield code="0">(DE-588)4046350-3</subfield><subfield code="2">gnd</subfield></datafield><datafield ind1=" " ind2="0" tag="650"><subfield code="a">Glaciers</subfield></datafield><datafield ind1=" " ind2="0" tag="650"><subfield code="a">Periglacial processes</subfield></datafield><datafield ind1=" " ind2="7" tag="650"><subfield code="a">GLAZIALGEOLOGIE</subfield><subfield code="9">ger</subfield><subfield code="0">(ETHUDK)000020082</subfield><subfield code="2">ethudk</subfield></datafield><datafield ind1=" " ind2="7" tag="650"><subfield code="a">PERMAFROST + DAUERFROSTBÖDEN + GEFRORENE BÖDEN (GLAZIALGEOLOGIE)</subfield><subfield code="9">ger</subfield><subfield code="0">(ETHUDK)000020097</subfield><subfield code="2">ethudk</subfield></datafield><datafield ind1=" " ind2="7" tag="650"><subfield code="a">RELIEFFORMEN/PERIGLAZIALVORGÄNGE (GEOMORPHOLOGIE)</subfield><subfield code="9">ger</subfield><subfield code="0">(ETHUDK)000020131</subfield><subfield code="2">ethudk</subfield></datafield><datafield ind1=" " ind2=" " tag="690"><subfield code="a">Periglazialgeomorphologie</subfield><subfield code="2">uzb-Z9</subfield></datafield><datafield ind1="1" ind2="2" tag="700"><subfield code="a">Washburn, Albert Lincoln</subfield><subfield code="t">Periglacial processes and environments</subfield></datafield><datafield ind1="4" ind2=" " tag="856"><subfield code="3">Inhaltsverzeichnis</subfield><subfield code="u">http://www.ub.unibas.ch/tox/HBZ/HT000425340/PDF</subfield><subfield code="q">pdf</subfield></datafield><datafield ind1=" " ind2=" " tag="900"><subfield code="a">REROnoselfmerge</subfield></datafield><datafield ind1=" " ind2=" " tag="949"><subfield code="a">http://www.ub.unibas.ch/tox/HBZ/HT000425340/PDF</subfield></datafield></record>
</metadata></record>