<record><header><identifier>oai:alma.41SLSP_UGE:991000051979705502</identifier><datestamp>2023-03-01T01:08:52Z</datestamp><setSpec>uge_bcen_RapidILL_BOOK</setSpec><setSpec>uge_aaca_RapidILL_BOOK</setSpec><setSpec>uge_abels_RapidILL_BOOK</setSpec><setSpec>uge_dbu_RapidILL_BOOK</setSpec><setSpec>uge_cmu_RapidILL_BOOK</setSpec><setSpec>uge_mail_RapidILL_BOOK</setSpec><setSpec>UNIGE_ALL</setSpec><setSpec>uge_abbat_RapidILL_BOOK</setSpec><setSpec>uge_aobs_RapidILL_BOOK</setSpec><setSpec>uge_acar_RapidILL_BOOK</setSpec></header><metadata>
<record xmlns="http://www.loc.gov/MARC21/slim" xmlns:xsi="http://www.w3.org/2001/XMLSchema-instance" xsi:schemaLocation="http://www.loc.gov/MARC21/slim http://www.loc.gov/standards/marcxml/schema/MARC21slim.xsd"><leader>01266nam a2200337 c 4500</leader><controlfield tag="001">991000051979705502</controlfield><controlfield tag="005">20201125200720.0</controlfield><controlfield tag="008">040518s1984    xxk||||| |||| 00| ||eng d</controlfield><datafield ind1=" " ind2=" " tag="020"><subfield code="a">0471104299</subfield></datafield><datafield ind1=" " ind2=" " tag="035"><subfield code="a">(swissbib)100598749-41slsp_network</subfield></datafield><datafield ind1=" " ind2=" " tag="035"><subfield code="a">100598749</subfield><subfield code="9">ExL</subfield></datafield><datafield ind1=" " ind2=" " tag="035"><subfield code="a">(RERO)R003637601-41slsp</subfield></datafield><datafield ind1=" " ind2=" " tag="035"><subfield code="a">(EXLNZ-41SLSP_NETWORK)991080065869705501</subfield></datafield><datafield ind1=" " ind2=" " tag="040"><subfield code="a">RERO geussp</subfield><subfield code="d">CH-ZuSLS</subfield></datafield><datafield ind1="1" ind2=" " tag="041"><subfield code="a">eng</subfield><subfield code="h">ger</subfield></datafield><datafield ind1=" " ind2="7" tag="072"><subfield code="a">py</subfield><subfield code="2">rero</subfield></datafield><datafield ind1="1" ind2=" " tag="100"><subfield code="a">Becher, Peter</subfield><subfield code="c">physicien</subfield><subfield code="0">(RERO)A012380649</subfield><subfield code="4">cre</subfield></datafield><datafield ind1="1" ind2="0" tag="245"><subfield code="a">Gauge theories of strong and electroweak interactions</subfield><subfield code="c">Peter Becher and Manfred Böhm and Hans Joos ; transl. by Valerie H. Cottrell</subfield></datafield><datafield ind1=" " ind2=" " tag="250"><subfield code="a">[2nd ed. with corr.]</subfield></datafield><datafield ind1=" " ind2="1" tag="264"><subfield code="a">Chichester [etc.]</subfield><subfield code="b">J. WIley &amp; Sons</subfield><subfield code="c">1984</subfield></datafield><datafield ind1=" " ind2=" " tag="300"><subfield code="a">XI, 306 p.</subfield><subfield code="b">ill.</subfield><subfield code="c">24 cm</subfield></datafield><datafield ind1=" " ind2=" " tag="336"><subfield code="b">txt</subfield><subfield code="2">rdacontent</subfield></datafield><datafield ind1=" " ind2=" " tag="337"><subfield code="b">n</subfield><subfield code="2">rdamedia</subfield></datafield><datafield ind1=" " ind2=" " tag="338"><subfield code="b">nc</subfield><subfield code="2">rdacarrier</subfield></datafield><datafield ind1=" " ind2=" " tag="500"><subfield code="a">A Wiiley-Interscience publication</subfield></datafield><datafield ind1=" " ind2=" " tag="500"><subfield code="a">Traduit de: Eichtheorien der starken und elektroschwachen Wechselwirkung</subfield></datafield><datafield ind1=" " ind2=" " tag="500"><subfield code="a">The sole authorized English translation of the original German edition</subfield></datafield><datafield ind1=" " ind2=" " tag="504"><subfield code="a">Bibliogr.: p. 283-297</subfield></datafield><datafield ind1="1" ind2=" " tag="700"><subfield code="a">Böhm, Manfred</subfield><subfield code="d">1940-</subfield><subfield code="0">(RERO)A020335660</subfield></datafield><datafield ind1="1" ind2=" " tag="700"><subfield code="a">Joos, Hans</subfield><subfield code="0">(RERO)A003430472</subfield></datafield><datafield ind1="1" ind2=" " tag="700"><subfield code="a">Cottrell, Valerie</subfield><subfield code="0">(IDREF)032254741</subfield></datafield><datafield ind1=" " ind2=" " tag="900"><subfield code="a">REROnoselfmerge</subfield></datafield></record>
</metadata></record>