<record><header><identifier>oai:alma.41SLSP_UGE:991000019619705502</identifier><datestamp>2023-03-29T00:18:16Z</datestamp><setSpec>uge_bcen_RapidILL_BOOK</setSpec><setSpec>uge_aaca_RapidILL_BOOK</setSpec><setSpec>uge_abels_RapidILL_BOOK</setSpec><setSpec>uge_dbu_RapidILL_BOOK</setSpec><setSpec>uge_cmu_RapidILL_BOOK</setSpec><setSpec>uge_mail_RapidILL_BOOK</setSpec><setSpec>uge_abbat_RapidILL_BOOK</setSpec><setSpec>UNIGE_ALL</setSpec><setSpec>uge_aobs_RapidILL_BOOK</setSpec><setSpec>uge_acar_RapidILL_BOOK</setSpec></header><metadata>
<record xmlns="http://www.loc.gov/MARC21/slim" xmlns:xsi="http://www.w3.org/2001/XMLSchema-instance" xsi:schemaLocation="http://www.loc.gov/MARC21/slim http://www.loc.gov/standards/marcxml/schema/MARC21slim.xsd"><leader>01381naa a2200277 c 4500</leader><controlfield tag="001">991000019619705502</controlfield><controlfield tag="005">20230328214555.0</controlfield><controlfield tag="008">201012s1988    gw ||||| |||| 00| ||ger d</controlfield><datafield ind1=" " ind2=" " tag="035"><subfield code="a">(swissbib)236282824-41slsp_network</subfield></datafield><datafield ind1=" " ind2=" " tag="035"><subfield code="a">236282824</subfield><subfield code="9">ExL</subfield></datafield><datafield ind1=" " ind2=" " tag="035"><subfield code="a">(RERO)1059867-41slsp</subfield></datafield><datafield ind1=" " ind2=" " tag="035"><subfield code="a">(IDSBB)000921845DSV01</subfield></datafield><datafield ind1=" " ind2=" " tag="035"><subfield code="a">(EXLNZ-41SLSP_NETWORK)991000162909705501</subfield></datafield><datafield ind1=" " ind2=" " tag="040"><subfield code="a">RERO geubfd</subfield><subfield code="d">CH-ZuSLS</subfield></datafield><datafield ind1=" " ind2="7" tag="072"><subfield code="a">dr</subfield><subfield code="2">rero</subfield></datafield><datafield ind1=" " ind2=" " tag="084"><subfield code="a">D 40 i</subfield><subfield code="2">cjurrom</subfield></datafield><datafield ind1="1" ind2=" " tag="100"><subfield code="a">Hafner, Gerhard</subfield><subfield code="d">1943-</subfield><subfield code="0">(DE-588)131678345</subfield><subfield code="6">880-01</subfield></datafield><datafield ind1="1" ind2=" " tag="880"><subfield code="a">Hafner, Gerhard</subfield><subfield code="0">(RERO)A003339731</subfield><subfield code="4">cre</subfield><subfield code="6">100-01</subfield></datafield><datafield ind1="1" ind2="0" tag="245"><subfield code="a">Bemühungen um ein gesamteuropäisches Streitbeilegungssystem im Rahmen der KSZE</subfield><subfield code="c">Gerhard Hafner</subfield></datafield><datafield ind1=" " ind2=" " tag="336"><subfield code="b">txt</subfield><subfield code="2">rdacontent</subfield></datafield><datafield ind1=" " ind2=" " tag="337"><subfield code="b">n</subfield><subfield code="2">rdamedia</subfield></datafield><datafield ind1=" " ind2=" " tag="338"><subfield code="b">nc</subfield><subfield code="2">rdacarrier</subfield></datafield><datafield ind1=" " ind2=" " tag="580"><subfield code="a">In: Völkerrecht, Recht der internationalen Organisationen, Weltwirtschaftsrecht : Festschrift für Ignaz Seidl-Hohenveldern. - Köln ; Berlin [etc.] : C. Heymann, cop. 1988. - P. 147-171</subfield></datafield><datafield ind1="2" ind2="7" tag="611"><subfield code="a">Conférence sur la sécurité et la coopération en Europe</subfield><subfield code="0">(RERO)A009978474</subfield><subfield code="2">rero</subfield></datafield><datafield ind1=" " ind2="7" tag="650"><subfield code="a">Règlement pacifique des conflits internationaux</subfield><subfield code="0">(IDREF)02800969X</subfield><subfield code="2">idref</subfield></datafield><datafield ind1="0" ind2=" " tag="773"><subfield code="t">Völkerrecht, Recht der Internationalen Organisationen, Weltwirtschaftsrecht : Festschrift für Ignaz Seidl-Hohenveldern</subfield><subfield code="d">Köln [etc.] : C. Heymann, 1988</subfield><subfield code="g">S. 147-171</subfield><subfield code="q">147-171</subfield><subfield code="w">(IDSBB)000438173DSV01</subfield></datafield><datafield ind1=" " ind2=" " tag="900"><subfield code="a">REROnoselfmerge</subfield></datafield></record>
</metadata></record>