<record><header><identifier>oai:alma.41SLSP_UGE:991000020139705502</identifier><datestamp>2023-03-01T01:08:52Z</datestamp><setSpec>uge_bcen_RapidILL_BOOK</setSpec><setSpec>uge_aaca_RapidILL_BOOK</setSpec><setSpec>uge_abels_RapidILL_BOOK</setSpec><setSpec>uge_dbu_RapidILL_BOOK</setSpec><setSpec>uge_cmu_RapidILL_BOOK</setSpec><setSpec>uge_mail_RapidILL_BOOK</setSpec><setSpec>UNIGE_ALL</setSpec><setSpec>uge_abbat_RapidILL_BOOK</setSpec><setSpec>uge_acar_RapidILL_BOOK</setSpec><setSpec>uge_aobs_RapidILL_BOOK</setSpec></header><metadata>
<record xmlns="http://www.loc.gov/MARC21/slim" xmlns:xsi="http://www.w3.org/2001/XMLSchema-instance" xsi:schemaLocation="http://www.loc.gov/MARC21/slim http://www.loc.gov/standards/marcxml/schema/MARC21slim.xsd"><leader>02423nam a2200625 c 4500</leader><controlfield tag="001">991000020139705502</controlfield><controlfield tag="005">20230208202043.0</controlfield><controlfield tag="008">201011s1987    gw ||||| |||| 00| ||ger d</controlfield><datafield ind1=" " ind2=" " tag="020"><subfield code="a">311010914X</subfield></datafield><datafield ind1=" " ind2=" " tag="035"><subfield code="a">(swissbib)230390455-41slsp_network</subfield></datafield><datafield ind1=" " ind2=" " tag="035"><subfield code="a">230390455</subfield><subfield code="9">ExL</subfield></datafield><datafield ind1=" " ind2=" " tag="035"><subfield code="a">(RERO)0980580-41slsp</subfield></datafield><datafield ind1=" " ind2=" " tag="035"><subfield code="a">(IDSBB)000295076DSV01</subfield></datafield><datafield ind1=" " ind2=" " tag="035"><subfield code="a">(NEBIS)003211926EBI01</subfield></datafield><datafield ind1=" " ind2=" " tag="035"><subfield code="a">(EXLNZ-41SLSP_NETWORK)991131242649705501</subfield></datafield><datafield ind1=" " ind2=" " tag="040"><subfield code="a">RERO geullg</subfield><subfield code="d">CH-ZuSLS</subfield></datafield><datafield ind1=" " ind2=" " tag="044"><subfield code="a">gw</subfield><subfield code="a">xxu</subfield></datafield><datafield ind1=" " ind2=" " tag="050"><subfield code="a">PF5789.B4</subfield><subfield code="b">S357 1987</subfield></datafield><datafield ind1=" " ind2="7" tag="072"><subfield code="a">lg</subfield><subfield code="2">rero</subfield></datafield><datafield ind1=" " ind2="7" tag="072"><subfield code="a">ds</subfield><subfield code="2">SzZuIDS BS/BE</subfield></datafield><datafield ind1="0" ind2="0" tag="082"><subfield code="a">437/.155</subfield><subfield code="2">19</subfield></datafield><datafield ind1="0" ind2="4" tag="082"><subfield code="a">437/.155 19</subfield><subfield code="2">22ger</subfield></datafield><datafield ind1="1" ind2="4" tag="082"><subfield code="a">430</subfield><subfield code="2">15</subfield></datafield><datafield ind1="1" ind2=" " tag="100"><subfield code="a">Schlobinski, Peter</subfield><subfield code="d">1954-</subfield><subfield code="0">(DE-588)120598868</subfield><subfield code="6">880-01</subfield></datafield><datafield ind1="1" ind2=" " tag="880"><subfield code="a">Schlobinski, Peter</subfield><subfield code="0">(RERO)A003798486</subfield><subfield code="4">cre</subfield><subfield code="6">100-01</subfield></datafield><datafield ind1="1" ind2="0" tag="245"><subfield code="a">Stadtsprache Berlin</subfield><subfield code="b">eine soziolinguistische Untersuchung</subfield><subfield code="c">Peter Schlobinski</subfield></datafield><datafield ind1=" " ind2="1" tag="264"><subfield code="a">Berlin</subfield><subfield code="a">New York</subfield><subfield code="b">W. de Gruyter</subfield><subfield code="c">1987</subfield></datafield><datafield ind1=" " ind2=" " tag="300"><subfield code="a">XIV, 299 S.</subfield><subfield code="b">Ill.</subfield><subfield code="c">24 cm</subfield></datafield><datafield ind1=" " ind2=" " tag="336"><subfield code="b">txt</subfield><subfield code="2">rdacontent</subfield></datafield><datafield ind1=" " ind2=" " tag="337"><subfield code="b">n</subfield><subfield code="2">rdamedia</subfield></datafield><datafield ind1=" " ind2=" " tag="338"><subfield code="b">nc</subfield><subfield code="2">rdacarrier</subfield></datafield><datafield ind1="1" ind2=" " tag="490"><subfield code="a">Soziolinguistik und Sprachkontakt</subfield><subfield code="v">Bd. 3</subfield></datafield><datafield ind1=" " ind2=" " tag="502"><subfield code="a">Leicht aktualisierte Diss. Fachbereich Germanistik FU Berlin, 1985</subfield></datafield><datafield ind1=" " ind2="7" tag="650"><subfield code="a">Bilinguisme</subfield><subfield code="0">(IDREF)02722130X</subfield><subfield code="2">idref</subfield></datafield><datafield ind1=" " ind2="7" tag="650"><subfield code="a">Sociolinguistique</subfield><subfield code="0">(IDREF)027248941</subfield><subfield code="2">idref</subfield></datafield><datafield ind1=" " ind2="7" tag="650"><subfield code="a">Allemand (langue)</subfield><subfield code="0">(IDREF)027789829</subfield><subfield code="2">idref</subfield></datafield><datafield ind1=" " ind2="7" tag="650"><subfield code="a">Langues en contact</subfield><subfield code="0">(IDREF)027262383</subfield><subfield code="2">idref</subfield></datafield><datafield ind1=" " ind2="7" tag="650"><subfield code="a">Deutsche Sprache</subfield><subfield code="x">Stadtsprache</subfield><subfield code="z">Berlin</subfield><subfield code="2">idsbb</subfield></datafield><datafield ind1=" " ind2="7" tag="650"><subfield code="a">Deutsche Sprache</subfield><subfield code="x">Dialekt</subfield><subfield code="z">Berlin</subfield><subfield code="2">idsbb</subfield></datafield><datafield ind1=" " ind2="7" tag="650"><subfield code="a">Mundart</subfield><subfield code="0">(DE-588)4040725-1</subfield><subfield code="2">gnd</subfield></datafield><datafield ind1=" " ind2="7" tag="650"><subfield code="a">Soziolinguistik</subfield><subfield code="0">(DE-588)4077623-2</subfield><subfield code="2">gnd</subfield></datafield><datafield ind1=" " ind2="7" tag="650"><subfield code="a">Umgangssprache</subfield><subfield code="0">(DE-588)4061588-1</subfield><subfield code="2">gnd</subfield></datafield><datafield ind1=" " ind2="0" tag="650"><subfield code="a">German language</subfield><subfield code="x">Dialects</subfield><subfield code="z">Germany</subfield><subfield code="z">Berlin</subfield></datafield><datafield ind1=" " ind2="0" tag="650"><subfield code="a">German language</subfield><subfield code="x">Social aspects</subfield><subfield code="z">Germany</subfield><subfield code="z">Berlin</subfield></datafield><datafield ind1=" " ind2="0" tag="650"><subfield code="a">Sociolinguistics</subfield></datafield><datafield ind1=" " ind2="7" tag="650"><subfield code="a">Berlinois (dialecte)</subfield><subfield code="x">Sociologie</subfield><subfield code="2">ram</subfield></datafield><datafield ind1=" " ind2="7" tag="650"><subfield code="a">Dialectes urbains</subfield><subfield code="z">Allemagne</subfield><subfield code="z">Berlin (Allemagne)</subfield><subfield code="2">ram</subfield></datafield><datafield ind1=" " ind2="7" tag="650"><subfield code="a">Allemand (langue)</subfield><subfield code="x">Variation linguistique</subfield><subfield code="2">ram</subfield></datafield><datafield ind1=" " ind2="7" tag="651"><subfield code="a">Berlin (Allemagne)</subfield><subfield code="0">(IDREF)027427536</subfield><subfield code="2">idref</subfield></datafield><datafield ind1=" " ind2="7" tag="651"><subfield code="a">Berlin</subfield><subfield code="0">(DE-588)4005728-8</subfield><subfield code="2">gnd</subfield></datafield><datafield ind1=" " ind2="7" tag="655"><subfield code="a">Hochschulschrift</subfield><subfield code="2">gnd-content</subfield></datafield><datafield ind1=" " ind2=" " tag="690"><subfield code="a">Soziolinguistik / Einzelne Gebiete und Orte / Europa / Deutschland</subfield><subfield code="2">uzb-Z9</subfield></datafield><datafield ind1=" " ind2=" " tag="830"><subfield code="a">Soziolinguistik und Sprachkontakt</subfield><subfield code="v">3</subfield><subfield code="w">(NEBIS)001033234EBI01</subfield></datafield><datafield ind1=" " ind2=" " tag="900"><subfield code="a">REROnoselfmerge</subfield></datafield><datafield ind1=" " ind2=" " tag="900"><subfield code="a">IDSZRMedeaZBZ</subfield></datafield><datafield ind1=" " ind2=" " tag="900"><subfield code="f">IDSU2medea</subfield></datafield></record>
</metadata></record>